ag2012,00:08:30,6703,6701,34,6702,71,3.57,3022600,6833,5820,6560
ag2012,00:08:31,6701,6700,10,6701,3,3.54,3022669,6833,5820,6560
ag2012,00:08:31,6701,6700,35,6702,65,3.54,3022715,6833,5820,6560
ag2012,00:08:32,6700,6701,1,6702,64,3.52,3022740,6833,5820,6560
ag2012,00:08:32,6701,6700,22,6702,65,3.54,3022770,6833,5820,6560
ag2012,00:08:33,6700,6700,3,6701,40,3.52,3022806,6833,5820,6560
ag2012,00:08:33,6701,6700,17,6701,46,3.54,3022847,6833,5820,6560
ag2012,00:08:34,6700,6700,42,6701,14,3.52,3022902,6833,5820,6560
ag2012,00:08:34,6701,6701,48,6703,34,3.54,3023034,6833,5820,6560
ag2012,00:08:35,6703,6703,88,6704,192,3.57,3023128,6833,5820,6560
ag2012,00:08:35,6703,6703,11,6704,183,3.57,3023238,6833,5820,6560
ag2012,00:08:36,6703,6703,1,6704,109,3.57,3023369,6833,5820,6560
ag2012,00:08:36,6703,6702,9,6703,2,3.57,3023501,6833,5820,6560
ag2012,00:08:37,6704,6703,209,6704,1,3.58,3023517,6833,5820,6560
ag2012,00:08:38,6704,6704,224,6706,50,3.58,3023588,6833,5820,6560
ag2012,00:08:38,6705,6705,20,6707,16,3.60,3023655,6833,5820,6560
ag2012,00:08:39,6706,6706,33,6707,6,3.62,3023715,6833,5820,6560
ag2012,00:08:39,6707,6707,6,6708,22,3.63,3023755,6833,5820,6560
ag2012,00:08:40,6705,6705,52,6707,2,3.60,3023852,6833,5820,6560
ag2012,00:08:40,6705,6705,31,6707,18,3.60,3024013,6833,5820,6560
ag2012,00:08:41,6707,6705,27,6707,27,3.63,3024061,6833,5820,6560
ag2012,00:08:41,6705,6705,31,6707,28,3.60,3024084,6833,5820,6560
ag2012,00:08:42,6707,6707,6,6708,26,3.63,3024120,6833,5820,6560
ag2012,00:08:42,6707,6707,14,6708,26,3.63,3024138,6833,5820,6560
ag2012,00:08:43,6708,6708,9,6709,20,3.65,3024177,6833,5820,6560
ag2012,00:08:43,6706,6706,9,6707,4,3.62,3024206,6833,5820,6560
ag2012,00:08:44,6708,6708,18,6709,28,3.65,3024218,6833,5820,6560
ag2012,00:08:44,6708,6708,9,6709,24,3.65,3024234,6833,5820,6560
ag2012,00:08:45,6708,6707,22,6708,13,3.65,3024274,6833,5820,6560
ag2012,00:08:45,6708,6707,16,6708,15,3.65,3024293,6833,5820,6560
ag2012,00:08:46,6708,6707,21,6708,9,3.65,3024324,6833,5820,6560
ag2012,00:08:46,6708,6707,11,6708,11,3.65,3024359,6833,5820,6560
ag2012,00:08:47,6707,6707,9,6708,10,3.63,3024376,6833,5820,6560
ag2012,00:08:47,6707,6707,20,6708,10,3.63,3024398,6833,5820,6560
ag2012,00:08:48,6707,6706,34,6707,8,3.63,3024424,6833,5820,6560
ag2012,00:08:48,6707,6706,34,6707,9,3.63,3024430,6833,5820,6560
ag2012,00:08:49,6706,6706,27,6707,23,3.62,3024461,6833,5820,6560
ag2012,00:08:49,6706,6705,42,6706,28,3.62,3024523,6833,5820,6560
ag2012,00:08:50,6704,6704,105,6705,22,3.58,3024601,6833,5820,6560
ag2012,00:08:50,6705,6704,103,6705,16,3.60,3024610,6833,5820,6560
ag2012,00:08:51,6704,6704,92,6705,14,3.58,3024637,6833,5820,6560
ag2012,00:08:51,6706,6705,11,6707,22,3.62,3024676,6833,5820,6560
ag2012,00:08:52,6705,6705,8,6706,20,3.60,3024709,6833,5820,6560
ag2012,00:08:52,6706,6705,4,6706,22,3.62,3024719,6833,5820,6560
ag2012,00:08:53,6706,6705,2,6706,12,3.62,3024751,6833,5820,6560
ag2012,00:09:09,6702,6702,28,6703,6,3.55,3026089,6833,5820,6560
ag2012,00:09:09,6703,6703,135,6704,4,3.57,3026122,6833,5820,6560
ag2012,00:09:10,6706,6705,1,6706,35,3.62,3026225,6833,5820,6560
ag2012,00:09:10,6708,6706,28,6709,44,3.65,3026464,6833,5820,6560
ag2012,00:09:11,6707,6707,40,6708,53,3.63,3026553,6833,5820,6560
ag2012,00:09:11,6705,6701,82,6705,8,3.60,3026732,6833,5820,6560
ag2012,00:09:12,6702,6702,67,6703,34,3.55,3026791,6833,5820,6560
ag2012,00:09:12,6700,6699,84,6702,105,3.52,3027063,6833,5820,6560
ag2012,00:09:13,6698,6698,42,6701,89,3.49,3027214,6833,5820,6560
ag2012,00:09:13,6698,6696,42,6698,3,3.49,3027352,6833,5820,6560
ag2012,00:09:14,6699,6697,16,6698,2,3.51,3027432,6833,5820,6560
ag2012,00:09:14,6699,6698,18,6700,27,3.51,3027532,6833,5820,6560
ag2012,00:09:15,6699,6699,16,6700,1,3.51,3027609,6833,5820,6560
ag2012,00:09:15,6700,6700,79,6702,67,3.52,3027697,6833,5820,6560
ag2012,00:09:16,6701,6701,41,6705,33,3.54,3027867,6833,5820,6560
ag2012,00:09:16,6703,6702,89,6704,64,3.57,3027910,6833,5820,6560
ag2012,00:09:17,6704,6703,6,6704,9,3.58,3028019,6833,5820,6560
ag2012,00:09:17,6704,6703,18,6704,15,3.58,3028045,6833,5820,6560
ag2012,00:09:18,6702,6702,31,6703,22,3.55,3028079,6833,5820,6560
ag2012,00:09:18,6703,6702,30,6703,8,3.57,3028103,6833,5820,6560
ag2012,00:09:19,6705,6705,8,6706,37,3.60,3028172,6833,5820,6560
ag2012,00:09:19,6704,6703,7,6704,8,3.58,3028226,6833,5820,6560
ag2012,00:09:20,6704,6704,22,6705,97,3.58,3028301,6833,5820,6560
ag2012,00:09:20,6703,6703,13,6704,7,3.57,3028369,6833,5820,6560
ag2012,00:09:21,6705,6703,14,6704,1,3.60,3028411,6833,5820,6560
ag2012,00:09:21,6703,6703,7,6704,3,3.57,3028429,6833,5820,6560
ag2012,00:09:22,6702,6702,33,6703,21,3.55,3028474,6833,5820,6560
ag2012,00:09:22,6703,6701,52,6702,2,3.57,3028509,6833,5820,6560
ag2012,00:09:23,6703,6700,57,6701,37,3.57,3028603,6833,5820,6560
ag2012,00:09:23,6702,6701,1,6702,10,3.55,3028649,6833,5820,6560
ag2012,00:09:24,6701,6701,14,6702,24,3.54,3028679,6833,5820,6560
ag2012,00:09:24,6701,6701,17,6702,10,3.54,3028695,6833,5820,6560
ag2012,00:09:25,6702,6701,26,6703,17,3.55,3028728,6833,5820,6560
ag2012,00:09:25,6702,6702,79,6703,7,3.55,3028766,6833,5820,6560
ag2012,00:09:26,6702,6702,67,6703,14,3.55,3028789,6833,5820,6560
ag2012,00:09:26,6702,6702,56,6703,27,3.55,3028808,6833,5820,6560
ag2012,00:09:27,6701,6701,38,6702,10,3.54,3028872,6833,5820,6560
ag2012,00:09:27,6702,6701,44,6702,7,3.55,3028894,6833,5820,6560
ag2012,00:09:28,6703,6701,44,6703,20,3.57,3028924,6833,5820,6560
ag2012,00:09:28,6702,6702,4,6703,29,3.55,3028933,6833,5820,6560
ag2012,00:09:29,6702,6701,45,6702,24,3.55,3028953,6833,5820,6560
ag2012,00:09:29,6702,6701,37,6702,12,3.55,3028974,6833,5820,6560
ag2012,00:09:30,6702,6701,36,6702,3,3.55,3028987,6833,5820,6560
ag2012,00:09:30,6702,6702,23,6703,29,3.55,3028995,6833,5820,6560
ag2012,00:09:31,6703,6702,4,6704,50,3.57,3029087,6833,5820,6560
ag2012,00:09:31,6703,6702,33,6703,50,3.57,3029130,6833,5820,6560
ag2012,00:09:32,6702,6702,20,6703,45,3.55,3029156,6833,5820,6560
ag2012,00:09:32,6702,6701,24,6702,5,3.55,3029183,6833,5820,6560
ag2012,00:09:33,6702,6701,45,6702,12,3.55,3029209,6833,5820,6560
ag2012,00:09:33,6701,6701,59,6702,13,3.54,3029218,6833,5820,6560
ag2012,00:09:34,6701,6701,42,6702,30,3.54,3029239,6833,5820,6560
ag2012,00:09:34,6702,6701,57,6702,33,3.55,3029243,6833,5820,6560
ag2012,00:09:35,6701,6702,3,6703,49,3.54,3029279,6833,5820,6560
ag2012,00:09:35,6702,6702,7,6703,52,3.55,3029297,6833,5820,6560
ag2012,00:09:36,6702,6701,87,6702,17,3.55,3029319,6833,5820,6560
ag2012,00:09:37,6702,6701,89,6702,81,3.55,3029364,6833,5820,6560
ag2012,00:09:37,6702,6701,96,6702,62,3.55,3029385,6833,5820,6560
ag2012,00:09:38,6702,6701,101,6702,56,3.55,3029396,6833,5820,6560
ag2012,00:09:38,6701,6701,81,6702,46,3.54,3029445,6833,5820,6560
ag2012,00:09:39,6701,6701,78,6702,39,3.54,3029462,6833,5820,6560
ag2012,00:09:39,6701,6701,63,6702,34,3.54,3029484,6833,5820,6560
ag2012,00:09:40,6702,6701,57,6702,26,3.55,3029506,6833,5820,6560
ag2012,00:09:40,6702,6702,47,6703,53,3.55,3029554,6833,5820,6560
ag2012,00:09:41,6703,6703,6,6705,94,3.57,3029676,6833,5820,6560
ag2012,00:09:41,6703,6703,4,6704,52,3.57,3029736,6833,5820,6560
ag2012,00:09:42,6703,6702,1,6703,3,3.57,3029820,6833,5820,6560
ag2012,00:09:42,6701,6702,1,6703,36,3.54,3029850,6833,5820,6560
ag2012,00:09:43,6703,6702,6,6703,36,3.57,3029855,6833,5820,6560
ag2012,00:09:43,6703,6703,8,6704,54,3.57,3029897,6833,5820,6560
ag2012,00:09:44,6705,6703,14,6705,97,3.60,3029974,6833,5820,6560
ag2012,00:09:44,6703,6703,13,6705,96,3.57,3030005,6833,5820,6560
ag2012,00:09:45,6702,6701,40,6702,153,3.55,3030064,6833,5820,6560
ag2012,00:09:45,6703,6702,32,6703,19,3.57,3030287,6833,5820,6560
ag2012,00:09:46,6702,6702,52,6703,17,3.55,3030320,6833,5820,6560
ag2012,00:09:46,6703,6702,101,6703,7,3.57,3030350,6833,5820,6560
ag2012,00:09:47,6703,6703,13,6704,9,3.57,3030367,6833,5820,6560
ag2012,00:09:47,6704,6703,25,6704,29,3.58,3030383,6833,5820,6560
ag2012,00:09:48,6704,6703,39,6704,40,3.58,3030386,6833,5820,6560
ag2012,00:09:48,6703,6703,32,6704,7,3.57,3030427,6833,5820,6560
ag2012,00:09:49,6703,6703,19,6704,19,3.57,3030441,6833,5820,6560
ag2012,00:09:49,6703,6703,22,6704,28,3.57,3030445,6833,5820,6560
ag2012,00:09:50,6704,6703,15,6704,30,3.58,3030458,6833,5820,6560
ag2012,00:09:50,6703,6703,8,6704,29,3.57,3030469,6833,5820,6560
ag2012,00:09:51,6703,6703,11,6704,29,3.57,3030486,6833,5820,6560
ag2012,00:09:51,6703,6703,1,6704,26,3.57,3030504,6833,5820,6560
ag2012,00:09:52,6703,6702,105,6703,2,3.57,3030513,6833,5820,6560
ag2012,00:09:52,6702,6702,98,6704,28,3.55,3030530,6833,5820,6560
ag2012,00:09:53,6703,6702,98,6703,2,3.57,3030559,6833,5820,6560
ag2012,00:09:53,6703,6702,98,6703,39,3.57,3030561,6833,5820,6560
ag2012,00:09:54,6702,6700,246,6702,23,3.55,3030734,6833,5820,6560
ag2012,00:09:54,6702,6700,226,6702,28,3.55,3030816,6833,5820,6560
ag2012,00:09:55,6701,6701,8,6702,62,3.54,3030828,6833,5820,6560
ag2012,00:09:55,6701,6701,9,6702,65,3.54,3030845,6833,5820,6560
ag2012,00:09:56,6700,6700,219,6702,68,3.52,3030866,6833,5820,6560
ag2012,00:09:56,6702,6701,10,6702,50,3.55,3030880,6833,5820,6560
ag2012,00:09:57,6701,6701,14,6702,59,3.54,3030887,6833,5820,6560
ag2012,00:09:57,6701,6701,13,6702,40,3.54,3030916,6833,5820,6560
ag2012,00:09:58,6702,6701,12,6702,38,3.55,3030923,6833,5820,6560
ag2012,00:09:58,6701,6701,23,6703,54,3.54,3030978,6833,5820,6560
ag2012,00:09:59,6701,6701,19,6702,4,3.54,3030986,6833,5820,6560
ag2012,00:09:59,6701,6701,6,6702,16,3.54,3030996,6833,5820,6560
ag2012,00:10:00,6701,6701,12,6702,32,3.54,3031004,6833,5820,6560
ag2012,00:10:00,6701,6701,8,6702,25,3.54,3031023,6833,5820,6560
ag2012,00:10:01,6701,6700,222,6701,6,3.54,3031058,6833,5820,6560
ag2012,00:10:01,6701,6700,217,6701,1,3.54,3031077,6833,5820,6560
ag2012,00:10:02,6700,6700,224,6702,2,3.52,3031106,6833,5820,6560
ag2012,00:10:02,6701,6701,8,6702,11,3.54,3031161,6833,5820,6560
ag2012,00:10:03,6701,6700,226,6701,19,3.54,3031206,6833,5820,6560
ag2012,00:10:03,6701,6700,226,6701,5,3.54,3031220,6833,5820,6560
ag2012,00:10:04,6701,6701,12,6702,1,3.54,3031330,6833,5820,6560
ag2012,00:10:04,6702,6701,13,6703,23,3.55,3031362,6833,5820,6560
ag2012,00:10:05,6701,6701,34,6702,5,3.54,3031369,6833,5820,6560
ag2012,00:10:05,6701,6701,23,6702,11,3.54,3031389,6833,5820,6560
ag2012,00:10:06,6701,6701,9,6702,3,3.54,3031439,6833,5820,6560
ag2012,00:10:06,6702,6702,4,6703,25,3.55,3031480,6833,5820,6560
ag2012,00:10:07,6703,6702,38,6704,53,3.57,3031515,6833,5820,6560
ag2012,00:10:07,6702,6702,27,6704,55,3.55,3031538,6833,5820,6560
ag2012,00:10:08,6702,6702,24,6703,7,3.55,3031563,6833,5820,6560
ag2012,00:10:08,6702,6702,40,6703,27,3.55,3031573,6833,5820,6560
ag2012,00:10:09,6702,6702,36,6703,51,3.55,3031577,6833,5820,6560
ag2012,00:10:09,6702,6701,61,6702,13,3.55,3031614,6833,5820,6560
ag2012,00:10:10,6702,6701,58,6702,29,3.55,3031625,6833,5820,6560
ag2012,00:10:10,6702,6702,7,6703,53,3.55,3031667,6833,5820,6560
ag2012,00:10:11,6702,6701,59,6702,15,3.55,3031708,6833,5820,6560
ag2012,00:10:11,6701,6701,44,6702,24,3.54,3031729,6833,5820,6560
ag2012,00:10:12,6702,6701,44,6702,11,3.55,3031734,6833,5820,6560
ag2012,00:10:12,6701,6701,43,6703,92,3.54,3031746,6833,5820,6560
ag2012,00:10:13,6703,6702,1,6703,92,3.57,3031750,6833,5820,6560
ag2012,00:10:13,6702,6702,20,6703,91,3.55,3031757,6833,5820,6560
ag2012,00:10:14,6703,6702,40,6704,60,3.57,3031851,6833,5820,6560
ag2012,00:10:14,6703,6703,61,6704,55,3.57,3031864,6833,5820,6560
ag2012,00:10:15,6704,6703,84,6704,43,3.58,3031882,6833,5820,6560
ag2012,00:10:15,6703,6703,89,6704,25,3.57,3031908,6833,5820,6560
ag2012,00:10:16,6704,6704,9,6705,128,3.58,3031946,6833,5820,6560
ag2012,00:10:16,6706,6705,1,6706,55,3.62,3032084,6833,5820,6560
ag2012,00:10:17,6708,6707,15,6709,156,3.65,3032310,6833,5820,6560
ag2012,00:10:17,6707,6707,64,6708,39,3.63,3032340,6833,5820,6560
ag2012,00:10:18,6707,6707,62,6708,10,3.63,3032384,6833,5820,6560
ag2012,00:10:18,6708,6706,5,6708,22,3.65,3032488,6833,5820,6560
ag2012,00:10:19,6707,6705,90,6707,48,3.63,3032525,6833,5820,6560
ag2012,00:10:19,6708,6707,129,6708,56,3.65,3032692,6833,5820,6560
ag2012,00:10:20,6707,6705,3,6707,50,3.63,3032851,6833,5820,6560
ag2012,00:10:20,6706,6705,25,6706,27,3.62,3032875,6833,5820,6560
ag2012,00:10:21,6706,6706,18,6707,36,3.62,3032940,6833,5820,6560
ag2012,00:10:21,6706,6706,12,6707,1,3.62,3032989,6833,5820,6560
ag2012,00:10:22,6707,6707,1,6708,55,3.63,3033000,6833,5820,6560
ag2012,00:10:22,6707,6707,2,6708,52,3.63,3033021,6833,5820,6560
ag2012,00:10:23,6708,6707,49,6708,59,3.65,3033034,6833,5820,6560
ag2012,00:10:23,6708,6707,43,6708,28,3.65,3033077,6833,5820,6560
ag2012,00:10:24,6708,6707,43,6708,20,3.65,3033088,6833,5820,6560
ag2012,00:10:24,6708,6707,32,6708,9,3.65,3033117,6833,5820,6560
ag2012,00:10:25,6708,6708,48,6709,47,3.65,3033172,6833,5820,6560
ag2012,00:10:25,6709,6708,73,6709,27,3.66,3033214,6833,5820,6560
ag2012,00:10:26,6709,6709,20,6710,112,3.66,3033244,6833,5820,6560
ag2012,00:10:26,6711,6710,6,6711,37,3.69,3033373,6833,5820,6560
ag2012,00:10:27,6710,6710,15,6711,27,3.68,3033436,6833,5820,6560
ag2012,00:10:27,6712,6711,26,6712,34,3.71,3033508,6833,5820,6560
ag2012,00:10:28,6712,6711,3,6712,1,3.71,3033608,6833,5820,6560
ag2012,00:10:28,6713,6711,25,6713,29,3.72,3033691,6833,5820,6560
ag2012,00:10:29,6713,6713,144,6714,65,3.72,3033752,6833,5820,6560
ag2012,00:10:29,6715,6714,1,6715,201,3.75,3034032,6833,5820,6560
ag2012,00:10:30,6715,6715,38,6716,43,3.75,3034311,6833,5820,6560
ag2012,00:10:30,6716,6715,86,6716,15,3.77,3034363,6833,5820,6560
ag2012,00:10:31,6717,6716,1,6717,13,3.79,3034411,6833,5820,6560
ag2012,00:10:31,6715,6715,109,6716,22,3.75,3034470,6833,5820,6560
ag2012,00:10:32,6716,6716,57,6717,15,3.77,3034553,6833,5820,6560
ag2012,00:10:32,6718,6716,63,6718,27,3.80,3034609,6833,5820,6560
ag2012,00:10:33,6717,6717,7,6719,22,3.79,3034699,6833,5820,6560
ag2012,00:10:33,6719,6718,10,6719,26,3.82,3034819,6833,5820,6560
ag2012,00:10:34,6718,6718,30,6719,3,3.80,3034984,6833,5820,6560
ag2012,00:10:34,6719,6719,11,6720,108,3.82,3035025,6833,5820,6560
ag2012,00:10:35,6721,6720,43,6722,36,3.85,3035219,6833,5820,6560
ag2012,00:10:35,6721,6721,53,6722,9,3.85,3035306,6833,5820,6560
ag2012,00:10:36,6722,6722,56,6724,1,3.86,3035397,6833,5820,6560
ag2012,00:10:36,6723,6723,14,6724,59,3.88,3035485,6833,5820,6560
ag2012,00:10:37,6723,6722,37,6723,2,3.88,3035657,6833,5820,6560
ag2012,00:10:38,6723,6722,32,6723,10,3.88,3035709,6833,5820,6560
ag2012,00:10:38,6723,6722,40,6724,24,3.88,3035783,6833,5820,6560
ag2012,00:10:39,6723,6723,55,6726,51,3.88,3035962,6833,5820,6560
ag2012,00:10:39,6724,6724,20,6725,15,3.89,3036026,6833,5820,6560
ag2012,00:10:40,6725,6725,59,6726,51,3.91,3036144,6833,5820,6560
ag2012,00:10:40,6725,6725,10,6726,14,3.91,3036244,6833,5820,6560
ag2012,00:10:41,6723,6721,42,6725,43,3.88,3036624,6833,5820,6560
ag2012,00:10:41,6723,6722,2,6724,145,3.88,3036804,6833,5820,6560
ag2012,00:10:42,6722,6721,8,6722,18,3.86,3036952,6833,5820,6560
ag2012,00:10:42,6721,6719,13,6721,20,3.85,3037122,6833,5820,6560
ag2012,00:10:43,6719,6717,44,6719,109,3.82,3037250,6833,5820,6560
ag2012,00:10:43,6717,6716,24,6717,27,3.79,3037381,6833,5820,6560
ag2012,00:10:44,6716,6715,54,6716,196,3.77,3037465,6833,5820,6560
ag2012,00:10:44,6715,6714,13,6715,216,3.75,3037570,6833,5820,6560
ag2012,00:10:45,6714,6713,28,6714,273,3.74,3037651,6833,5820,6560
ag2012,00:10:45,6713,6712,36,6713,86,3.72,3037744,6833,5820,6560
ag2012,00:10:46,6711,6711,3,6712,67,3.69,3037830,6833,5820,6560
ag2012,00:10:46,6713,6713,10,6714,6,3.72,3038106,6833,5820,6560
ag2012,00:10:47,6713,6714,16,6715,62,3.72,3038222,6833,5820,6560
ag2012,00:10:47,6715,6715,50,6716,145,3.75,3038491,6833,5820,6560
ag2012,00:10:48,6716,6716,1,6717,118,3.77,3038688,6833,5820,6560
ag2012,00:10:48,6716,6715,34,6716,36,3.77,3038721,6833,5820,6560
ag2012,00:10:49,6716,6716,33,6717,5,3.77,3038891,6833,5820,6560
ag2012,00:10:49,6717,6717,39,6718,91,3.79,3038959,6833,5820,6560
ag2012,00:10:50,6717,6717,20,6718,2,3.79,3039073,6833,5820,6560
ag2012,00:10:50,6717,6716,151,6717,45,3.79,3039261,6833,5820,6560
ag2012,00:10:51,6717,6717,65,6719,88,3.79,3039337,6833,5820,6560
ag2012,00:10:51,6719,6718,133,6719,75,3.82,3039379,6833,5820,6560
ag2012,00:10:52,6718,6719,1,6720,47,3.80,3039499,6833,5820,6560
ag2012,00:10:52,6718,6718,30,6719,2,3.80,3039642,6833,5820,6560
ag2012,00:10:53,6718,6717,28,6720,22,3.80,3039740,6833,5820,6560
ag2012,00:11:23,6714,6714,50,6715,12,3.74,3044065,6833,5820,6560
ag2012,00:11:24,6715,6714,56,6715,24,3.75,3044074,6833,5820,6560
ag2012,00:11:24,6715,6714,60,6715,28,3.75,3044086,6833,5820,6560
ag2012,00:11:25,6714,6714,55,6715,24,3.74,3044099,6833,5820,6560
ag2012,00:11:25,6714,6713,41,6714,9,3.74,3044165,6833,5820,6560
ag2012,00:11:26,6712,6712,19,6713,1,3.71,3044208,6833,5820,6560
ag2012,00:11:26,6711,6711,5,6712,10,3.69,3044317,6833,5820,6560
ag2012,00:11:27,6712,6711,4,6712,11,3.71,3044348,6833,5820,6560
ag2012,00:11:27,6711,6710,152,6711,8,3.69,3044398,6833,5820,6560
ag2012,00:11:28,6711,6711,49,6712,22,3.69,3044426,6833,5820,6560
ag2012,00:11:28,6711,6711,43,6712,51,3.69,3044452,6833,5820,6560
ag2012,00:11:29,6711,6711,7,6712,50,3.69,3044514,6833,5820,6560
ag2012,00:11:29,6712,6711,1,6712,36,3.71,3044538,6833,5820,6560
ag2012,00:11:30,6712,6710,152,6712,34,3.71,3044546,6833,5820,6560
ag2012,00:11:30,6711,6711,57,6712,30,3.69,3044554,6833,5820,6560
ag2012,00:11:31,6711,6711,54,6712,20,3.69,3044567,6833,5820,6560
ag2012,00:11:31,6712,6711,84,6712,27,3.71,3044574,6833,5820,6560
ag2012,00:11:32,6711,6712,96,6713,14,3.69,3044622,6833,5820,6560
ag2012,00:11:32,6712,6712,109,6713,19,3.71,3044625,6833,5820,6560
ag2012,00:11:33,6712,6712,115,6713,19,3.71,3044630,6833,5820,6560
ag2012,00:11:33,6713,6713,32,6714,87,3.72,3044650,6833,5820,6560
ag2012,00:11:34,6713,6713,51,6714,88,3.72,3044653,6833,5820,6560
ag2012,00:11:34,6713,6713,56,6714,85,3.72,3044671,6833,5820,6560
ag2012,00:11:35,6714,6713,51,6714,47,3.74,3044715,6833,5820,6560
ag2012,00:11:35,6713,6713,12,6715,94,3.72,3044831,6833,5820,6560
ag2012,00:11:36,6713,6713,32,6714,13,3.72,3044848,6833,5820,6560
ag2012,00:11:36,6714,6713,32,6714,14,3.74,3044855,6833,5820,6560
ag2012,00:11:37,6713,6713,28,6714,27,3.72,3044867,6833,5820,6560
ag2012,00:11:37,6714,6713,29,6714,27,3.74,3044876,6833,5820,6560
ag2012,00:11:38,6714,6713,34,6714,29,3.74,3044878,6833,5820,6560
ag2012,00:11:38,6713,6713,16,6714,20,3.72,3044907,6833,5820,6560
ag2012,00:11:39,6714,6713,14,6714,8,3.74,3044926,6833,5820,6560
ag2012,00:11:40,6714,6713,28,6714,6,3.74,3044951,6833,5820,6560
ag2012,00:11:40,6714,6714,3,6715,104,3.74,3044975,6833,5820,6560
ag2012,00:11:41,6714,6714,12,6715,101,3.74,3044988,6833,5820,6560
ag2012,00:11:41,6714,6714,55,6715,121,3.74,3044997,6833,5820,6560
ag2012,00:11:42,6714,6712,129,6715,123,3.74,3045111,6833,5820,6560
ag2012,00:11:42,6714,6713,61,6714,50,3.74,3045141,6833,5820,6560
ag2012,00:11:43,6714,6713,62,6714,31,3.74,3045160,6833,5820,6560
ag2012,00:11:43,6713,6713,57,6714,40,3.72,3045177,6833,5820,6560
ag2012,00:11:44,6714,6713,70,6714,21,3.74,3045200,6833,5820,6560
ag2012,00:11:44,6714,6713,68,6714,15,3.74,3045207,6833,5820,6560
ag2012,00:11:45,6713,6713,13,6714,38,3.72,3045302,6833,5820,6560
ag2012,00:11:45,6712,6711,20,6712,16,3.71,3045462,6833,5820,6560
ag2012,00:11:46,6711,6710,184,6711,18,3.69,3045514,6833,5820,6560
ag2012,00:11:46,6711,6710,171,6711,18,3.69,3045554,6833,5820,6560
ag2012,00:11:47,6711,6710,180,6711,1,3.69,3045578,6833,5820,6560
ag2012,00:11:47,6711,6711,31,6712,46,3.69,3045620,6833,5820,6560
ag2012,00:11:48,6711,6710,176,6711,12,3.69,3045670,6833,5820,6560
ag2012,00:11:48,6710,6710,174,6711,7,3.68,3045695,6833,5820,6560
ag2012,00:11:49,6710,6710,73,6711,44,3.68,3045801,6833,5820,6560
ag2012,00:11:49,6710,6709,66,6710,5,3.68,3045898,6833,5820,6560
ag2012,00:11:50,6708,6706,1,6708,4,3.65,3046109,6833,5820,6560
ag2012,00:11:50,6709,6707,24,6709,1,3.66,3046209,6833,5820,6560
ag2012,00:11:51,6708,6709,1,6710,9,3.65,3046259,6833,5820,6560
ag2012,00:11:51,6709,6709,23,6711,44,3.66,3046320,6833,5820,6560
ag2012,00:11:52,6710,6710,14,6711,39,3.68,3046338,6833,5820,6560
ag2012,00:11:52,6710,6709,27,6710,4,3.68,3046372,6833,5820,6560
ag2012,00:11:53,6710,6710,12,6711,32,3.68,3046400,6833,5820,6560
ag2012,00:11:53,6710,6709,33,6710,48,3.68,3046431,6833,5820,6560
ag2012,00:11:54,6709,6709,24,6710,50,3.66,3046442,6833,5820,6560
ag2012,00:11:54,6709,6708,52,6709,19,3.66,3046477,6833,5820,6560
ag2012,00:11:55,6709,6708,55,6709,18,3.66,3046478,6833,5820,6560
ag2012,00:11:55,6709,6709,10,6710,76,3.66,3046502,6833,5820,6560
ag2012,00:11:56,6710,6709,24,6710,19,3.68,3046595,6833,5820,6560
ag2012,00:11:56,6710,6710,7,6711,17,3.68,3046624,6833,5820,6560
ag2012,00:11:57,6710,6710,12,6711,21,3.68,3046641,6833,5820,6560
ag2012,00:11:57,6711,6711,17,6712,42,3.69,3046692,6833,5820,6560
ag2012,00:11:58,6711,6711,23,6712,41,3.69,3046696,6833,5820,6560
ag2012,00:11:58,6711,6710,10,6711,8,3.69,3046741,6833,5820,6560
ag2012,00:11:59,6710,6710,21,6712,42,3.68,3046789,6833,5820,6560
ag2012,00:11:59,6711,6710,18,6711,11,3.69,3046794,6833,5820,6560
ag2012,00:12:00,6711,6710,27,6711,39,3.69,3046798,6833,5820,6560
ag2012,00:12:00,6711,6711,11,6712,53,3.69,3046839,6833,5820,6560
ag2012,00:12:01,6713,6711,20,6713,50,3.72,3046896,6833,5820,6560
ag2012,00:12:01,6710,6709,46,6710,77,3.68,3046988,6833,5820,6560
ag2012,00:12:02,6711,6710,9,6711,13,3.69,3047073,6833,5820,6560
ag2012,00:12:02,6711,6708,55,6709,3,3.69,3047151,6833,5820,6560
ag2012,00:12:03,6709,6710,1,6711,19,3.66,3047164,6833,5820,6560
ag2012,00:12:03,6711,6711,41,6712,2,3.69,3047208,6833,5820,6560
ag2012,00:12:04,6711,6710,50,6713,43,3.69,3047288,6833,5820,6560
ag2012,00:12:04,6710,6709,82,6711,11,3.68,3047383,6833,5820,6560
ag2012,00:12:05,6710,6710,9,6711,34,3.68,3047418,6833,5820,6560
ag2012,00:12:05,6710,6709,45,6710,9,3.68,3047462,6833,5820,6560
ag2012,00:12:06,6710,6709,60,6710,8,3.68,3047504,6833,5820,6560
ag2012,00:12:06,6709,6709,22,6710,1,3.66,3047569,6833,5820,6560
ag2012,00:12:07,6709,6709,19,6711,33,3.66,3047623,6833,5820,6560
ag2012,00:12:07,6710,6709,48,6710,2,3.68,3047648,6833,5820,6560
ag2012,00:12:08,6710,6710,59,6711,33,3.68,3047663,6833,5820,6560
ag2012,00:12:08,6710,6711,27,6712,55,3.68,3047705,6833,5820,6560
ag2012,00:12:09,6711,6710,54,6711,10,3.69,3047742,6833,5820,6560
ag2012,00:12:09,6710,6709,25,6710,5,3.68,3047801,6833,5820,6560
ag2012,00:12:10,6710,6709,34,6710,21,3.68,3047817,6833,5820,6560
ag2012,00:13:31,6711,6710,314,6711,12,3.69,3053099,6833,5820,6560
ag2012,00:13:32,6711,6712,3,6713,35,3.69,3053147,6833,5820,6560
ag2012,00:13:32,6712,6711,5,6712,26,3.71,3053199,6833,5820,6560
ag2012,00:13:33,6712,6711,23,6712,14,3.71,3053231,6833,5820,6560
ag2012,00:13:33,6712,6712,50,6713,36,3.71,3053252,6833,5820,6560
ag2012,00:13:34,6712,6712,71,6714,52,3.71,3053294,6833,5820,6560
ag2012,00:13:34,6712,6712,87,6714,58,3.71,3053298,6833,5820,6560
ag2012,00:13:35,6712,6712,91,6713,1,3.71,3053305,6833,5820,6560
ag2012,00:13:35,6713,6712,92,6714,58,3.72,3053311,6833,5820,6560
ag2012,00:13:36,6713,6712,66,6713,13,3.72,3053319,6833,5820,6560
ag2012,00:13:36,6713,6712,66,6714,57,3.72,3053338,6833,5820,6560
ag2012,00:13:37,6712,6712,21,6713,28,3.71,3053404,6833,5820,6560
ag2012,00:13:38,6712,6712,51,6713,27,3.71,3053408,6833,5820,6560
ag2012,00:13:39,6713,6712,56,6713,4,3.72,3053419,6833,5820,6560
ag2012,00:13:39,6713,6713,44,6714,57,3.72,3053426,6833,5820,6560
ag2012,00:13:40,6713,6713,84,6714,50,3.72,3053427,6833,5820,6560
ag2012,00:13:40,6713,6713,99,6714,24,3.72,3053456,6833,5820,6560
ag2012,00:13:41,6714,6714,9,6715,86,3.74,3053486,6833,5820,6560
ag2012,00:13:41,6714,6714,19,6715,83,3.74,3053535,6833,5820,6560
ag2012,00:13:42,6715,6714,72,6715,83,3.75,3053538,6833,5820,6560
ag2012,00:13:42,6714,6714,68,6716,60,3.74,3053627,6833,5820,6560
ag2012,00:13:43,6714,6714,73,6716,51,3.74,3053646,6833,5820,6560
ag2012,00:13:43,6715,6715,64,6716,49,3.75,3053653,6833,5820,6560
ag2012,00:13:44,6716,6715,63,6716,42,3.77,3053664,6833,5820,6560
ag2012,00:13:44,6716,6715,60,6716,34,3.77,3053690,6833,5820,6560
ag2012,00:13:45,6716,6715,60,6716,30,3.77,3053696,6833,5820,6560
ag2012,00:13:45,6715,6715,51,6716,11,3.75,3053724,6833,5820,6560
ag2012,00:13:46,6715,6715,43,6716,14,3.75,3053737,6833,5820,6560
ag2012,00:13:46,6715,6714,56,6715,3,3.75,3053785,6833,5820,6560
ag2012,00:13:47,6715,6714,57,6715,13,3.75,3053794,6833,5820,6560
ag2012,00:13:47,6714,6714,43,6715,23,3.74,3053822,6833,5820,6560
ag2012,00:13:48,6714,6714,37,6715,22,3.74,3053830,6833,5820,6560
ag2012,00:13:48,6714,6714,21,6715,24,3.74,3053833,6833,5820,6560
ag2012,00:13:49,6715,6714,20,6715,26,3.75,3053839,6833,5820,6560
ag2012,00:13:49,6714,6714,9,6715,20,3.74,3053860,6833,5820,6560
ag2012,00:13:50,6715,6715,40,6717,34,3.75,3053951,6833,5820,6560
ag2012,00:13:50,6716,6716,24,6717,23,3.77,3053990,6833,5820,6560
ag2012,00:13:51,6715,6715,81,6716,5,3.75,3054033,6833,5820,6560
ag2012,00:13:51,6716,6716,9,6717,26,3.77,3054062,6833,5820,6560
ag2012,00:13:52,6716,6716,1,6717,17,3.77,3054086,6833,5820,6560
ag2012,00:13:52,6717,6715,35,6717,32,3.79,3054123,6833,5820,6560
ag2012,00:13:53,6716,6715,33,6716,9,3.77,3054128,6833,5820,6560
ag2012,00:13:53,6715,6715,33,6716,19,3.75,3054144,6833,5820,6560
ag2012,00:13:54,6715,6715,18,6716,41,3.75,3054169,6833,5820,6560
ag2012,00:13:54,6715,6714,19,6715,39,3.75,3054199,6833,5820,6560
ag2012,00:13:55,6715,6714,18,6715,42,3.75,3054217,6833,5820,6560
ag2012,00:13:55,6716,6715,19,6716,42,3.77,3054263,6833,5820,6560
ag2012,00:13:56,6715,6715,33,6716,41,3.75,3054265,6833,5820,6560
ag2012,00:13:56,6715,6714,20,6715,51,3.75,3054302,6833,5820,6560
ag2012,00:13:57,6715,6714,21,6715,57,3.75,3054308,6833,5820,6560
ag2012,00:13:57,6715,6714,22,6715,47,3.75,3054323,6833,5820,6560
ag2012,00:13:58,6715,6714,30,6715,47,3.75,3054328,6833,5820,6560
ag2012,00:13:58,6715,6714,26,6715,44,3.75,3054335,6833,5820,6560
ag2012,00:13:59,6715,6714,34,6715,37,3.75,3054342,6833,5820,6560
ag2012,00:13:59,6714,6714,25,6715,26,3.74,3054355,6833,5820,6560
ag2012,00:14:00,6714,6714,14,6715,37,3.74,3054373,6833,5820,6560
ag2012,00:14:00,6713,6712,29,6713,15,3.72,3054421,6833,5820,6560
ag2012,00:14:01,6713,6712,15,6713,5,3.72,3054468,6833,5820,6560
ag2012,00:14:01,6713,6712,31,6713,3,3.72,3054504,6833,5820,6560
ag2012,00:14:02,6713,6712,30,6713,37,3.72,3054515,6833,5820,6560
ag2012,00:14:02,6712,6712,11,6713,41,3.71,3054536,6833,5820,6560
ag2012,00:14:03,6713,6712,13,6713,75,3.72,3054537,6833,5820,6560
ag2012,00:14:03,6712,6711,79,6713,75,3.71,3054569,6833,5820,6560
ag2012,00:14:04,6712,6712,1,6713,70,3.71,3054579,6833,5820,6560
ag2012,00:14:04,6712,6712,14,6713,68,3.71,3054593,6833,5820,6560
ag2012,00:14:05,6713,6713,49,6714,30,3.72,3054668,6833,5820,6560
ag2012,00:14:05,6714,6714,2,6715,43,3.74,3054699,6833,5820,6560
ag2012,00:14:06,6713,6713,48,6714,2,3.72,3054733,6833,5820,6560
ag2012,00:14:06,6714,6713,48,6714,13,3.74,3054770,6833,5820,6560
ag2012,00:14:07,6714,6713,52,6715,44,3.74,3054785,6833,5820,6560
ag2012,00:14:07,6713,6714,1,6715,37,3.72,3054798,6833,5820,6560
ag2012,00:14:08,6714,6714,14,6715,37,3.74,3054800,6833,5820,6560
ag2012,00:14:08,6714,6714,13,6715,18,3.74,3054819,6833,5820,6560
ag2012,00:14:09,6714,6714,3,6715,14,3.74,3054853,6833,5820,6560
ag2012,00:14:09,6715,6713,29,6714,1,3.75,3054876,6833,5820,6560
ag2012,00:14:10,6713,6713,19,6714,25,3.72,3054902,6833,5820,6560
ag2012,00:14:10,6713,6712,76,6713,5,3.72,3054926,6833,5820,6560
ag2012,00:14:11,6712,6712,71,6713,49,3.71,3054934,6833,5820,6560
ag2012,00:14:11,6712,6711,123,6712,44,3.71,3055009,6833,5820,6560
ag2012,00:14:12,6712,6711,119,6712,38,3.71,3055021,6833,5820,6560
ag2012,00:14:12,6711,6711,108,6712,7,3.69,3055090,6833,5820,6560
ag2012,00:14:13,6712,6711,104,6712,9,3.71,3055135,6833,5820,6560
ag2012,00:14:13,6711,6711,100,6712,4,3.69,3055169,6833,5820,6560
ag2012,00:14:14,6712,6712,3,6713,8,3.71,3055206,6833,5820,6560
ag2012,00:14:14,6713,6712,37,6713,24,3.72,3055225,6833,5820,6560
ag2012,00:14:15,6712,6712,45,6713,24,3.71,3055230,6833,5820,6560
ag2012,00:14:15,6713,6712,49,6713,17,3.72,3055240,6833,5820,6560
ag2012,00:14:16,6713,6712,49,6714,20,3.72,3055248,6833,5820,6560
ag2012,00:14:16,6713,6713,15,6714,21,3.72,3055252,6833,5820,6560
ag2012,00:14:17,6712,6712,52,6714,23,3.71,3055282,6833,5820,6560
ag2012,00:14:17,6713,6712,56,6713,7,3.72,3055298,6833,5820,6560
ag2012,00:14:18,6713,6712,55,6714,24,3.72,3055317,6833,5820,6560
ag2012,00:14:18,6714,6712,59,6713,8,3.74,3055330,6833,5820,6560
ag2012,00:14:41,6716,6715,18,6716,5,3.77,3057594,6833,5820,6560
ag2012,00:14:41,6715,6715,17,6716,1,3.75,3057629,6833,5820,6560
ag2012,00:14:42,6716,6715,21,6717,15,3.77,3057644,6833,5820,6560
ag2012,00:14:42,6718,6716,8,6717,1,3.80,3057716,6833,5820,6560
ag2012,00:14:43,6717,6716,32,6717,31,3.79,3057723,6833,5820,6560
ag2012,00:14:43,6716,6716,44,6717,39,3.77,3057743,6833,5820,6560
ag2012,00:14:44,6716,6715,30,6717,114,3.77,3057812,6833,5820,6560
ag2012,00:14:44,6717,6716,1,6717,108,3.79,3057831,6833,5820,6560
ag2012,00:14:45,6715,6715,32,6716,2,3.75,3057835,6833,5820,6560
ag2012,00:14:45,6716,6715,30,6716,51,3.77,3057864,6833,5820,6560
ag2012,00:14:46,6716,6715,19,6716,74,3.77,3057881,6833,5820,6560
ag2012,00:14:46,6715,6715,11,6716,82,3.75,3057889,6833,5820,6560
ag2012,00:14:47,6716,6715,10,6716,69,3.77,3057902,6833,5820,6560
ag2012,00:14:47,6715,6715,5,6716,65,3.75,3057916,6833,5820,6560
ag2012,00:14:48,6715,6714,149,6716,119,3.75,3057921,6833,5820,6560
ag2012,00:14:48,6715,6714,151,6715,10,3.75,3057929,6833,5820,6560
ag2012,00:14:49,6715,6714,150,6715,33,3.75,3057940,6833,5820,6560
ag2012,00:14:49,6715,6715,2,6716,87,3.75,3058049,6833,5820,6560
ag2012,00:14:50,6715,6714,132,6715,46,3.75,3058077,6833,5820,6560
ag2012,00:14:50,6716,6715,2,6716,89,3.77,3058127,6833,5820,6560
ag2012,00:14:51,6716,6715,19,6716,80,3.77,3058146,6833,5820,6560
ag2012,00:14:51,6715,6715,41,6716,77,3.75,3058154,6833,5820,6560
ag2012,00:14:52,6717,6715,40,6717,147,3.79,3058236,6833,5820,6560
ag2012,00:14:52,6715,6715,78,6716,3,3.75,3058240,6833,5820,6560
ag2012,00:14:53,6716,6716,16,6717,146,3.77,3058247,6833,5820,6560
ag2012,00:14:53,6717,6715,72,6717,135,3.79,3058281,6833,5820,6560
ag2012,00:14:54,6716,6716,8,6717,135,3.77,3058283,6833,5820,6560
ag2012,00:14:54,6716,6716,57,6717,134,3.77,3058286,6833,5820,6560
ag2012,00:14:55,6717,6717,49,6718,151,3.79,3058422,6833,5820,6560
ag2012,00:14:55,6718,6717,56,6718,88,3.80,3058489,6833,5820,6560
ag2012,00:14:56,6718,6717,75,6718,69,3.80,3058513,6833,5820,6560
ag2012,00:14:56,6717,6717,63,6718,41,3.79,3058554,6833,5820,6560
ag2012,00:14:57,6718,6717,77,6718,1,3.80,3058604,6833,5820,6560
ag2012,00:14:57,6718,6718,56,6719,31,3.80,3058606,6833,5820,6560
ag2012,00:14:58,6718,6718,42,6719,23,3.80,3058619,6833,5820,6560
ag2012,00:14:58,6718,6718,40,6719,10,3.80,3058655,6833,5820,6560
ag2012,00:14:59,6718,6718,34,6719,28,3.80,3058662,6833,5820,6560
ag2012,00:14:59,6717,6717,52,6718,5,3.79,3058711,6833,5820,6560
ag2012,00:15:00,6719,6718,5,6719,12,3.82,3058738,6833,5820,6560
ag2012,00:15:00,6719,6719,9,6720,155,3.82,3058782,6833,5820,6560
ag2012,00:15:01,6720,6718,56,6720,105,3.83,3058864,6833,5820,6560
ag2012,00:15:01,6720,6719,11,6720,95,3.83,3058883,6833,5820,6560
ag2012,00:15:02,6720,6719,65,6720,78,3.83,3058907,6833,5820,6560
ag2012,00:15:02,6721,6719,84,6721,105,3.85,3058994,6833,5820,6560
ag2012,00:15:03,6721,6719,67,6721,74,3.85,3059046,6833,5820,6560
ag2012,00:15:03,6720,6719,66,6721,71,3.83,3059059,6833,5820,6560
ag2012,00:15:04,6719,6719,70,6721,45,3.82,3059091,6833,5820,6560
ag2012,00:15:04,6720,6720,5,6721,30,3.83,3059123,6833,5820,6560
ag2012,00:15:05,6720,6719,64,6720,7,3.83,3059165,6833,5820,6560
ag2012,00:15:05,6720,6719,69,6720,6,3.83,3059186,6833,5820,6560
ag2012,00:15:06,6720,6717,39,6719,9,3.83,3059412,6833,5820,6560
ag2012,00:15:06,6719,6718,33,6719,11,3.82,3059435,6833,5820,6560
ag2012,00:15:07,6719,6718,18,6719,23,3.82,3059502,6833,5820,6560
ag2012,00:15:07,6718,6717,39,6718,5,3.80,3059526,6833,5820,6560
ag2012,00:15:08,6718,6717,28,6718,12,3.80,3059558,6833,5820,6560
ag2012,00:15:08,6717,6717,26,6718,54,3.79,3059580,6833,5820,6560
ag2012,00:15:09,6718,6716,53,6717,2,3.80,3059618,6833,5820,6560
ag2012,00:15:09,6716,6714,108,6716,4,3.77,3060004,6833,5820,6560
ag2012,00:15:10,6715,6715,62,6716,45,3.75,3060037,6833,5820,6560
ag2012,00:15:10,6718,6718,1,6719,30,3.80,3060244,6833,5820,6560
ag2012,00:15:11,6716,6716,4,6717,10,3.77,3060285,6833,5820,6560
ag2012,00:15:11,6716,6715,5,6716,15,3.77,3060325,6833,5820,6560
ag2012,00:15:12,6716,6716,4,6717,7,3.77,3060390,6833,5820,6560
ag2012,00:15:12,6717,6716,43,6717,52,3.79,3060394,6833,5820,6560
ag2012,00:15:13,6716,6716,1,6717,47,3.77,3060459,6833,5820,6560
ag2012,00:15:13,6715,6715,13,6716,10,3.75,3060489,6833,5820,6560
ag2012,00:15:14,6717,6716,3,6717,31,3.79,3060513,6833,5820,6560
ag2012,00:15:14,6717,6716,9,6717,58,3.79,3060544,6833,5820,6560
ag2012,00:15:15,6717,6715,117,6717,8,3.79,3060636,6833,5820,6560
ag2012,00:15:15,6717,6717,68,6718,69,3.79,3060685,6833,5820,6560
ag2012,00:15:16,6717,6717,58,6718,63,3.79,3060703,6833,5820,6560
ag2012,00:15:16,6717,6717,52,6719,38,3.79,3060781,6833,5820,6560
ag2012,00:15:17,6719,6718,4,6719,39,3.82,3060788,6833,5820,6560
ag2012,00:15:17,6718,6718,54,6719,3,3.80,3060868,6833,5820,6560
ag2012,00:15:18,6719,6719,5,6720,136,3.82,3060879,6833,5820,6560
ag2012,00:15:18,6719,6719,5,6720,139,3.82,3060893,6833,5820,6560
ag2012,00:15:19,6720,6719,51,6720,131,3.83,3060925,6833,5820,6560
ag2012,00:15:19,6719,6719,56,6720,69,3.82,3060998,6833,5820,6560
ag2012,00:15:20,6719,6719,46,6720,42,3.82,3061058,6833,5820,6560
ag2012,00:15:20,6719,6719,7,6720,21,3.82,3061119,6833,5820,6560
ag2012,00:15:21,6719,6718,65,6719,9,3.82,3061169,6833,5820,6560
ag2012,00:15:21,6719,6718,67,6719,42,3.82,3061176,6833,5820,6560
ag2012,00:15:22,6719,6718,48,6719,51,3.82,3061184,6833,5820,6560
ag2012,00:15:22,6719,6718,33,6720,38,3.82,3061262,6833,5820,6560
ag2012,00:15:23,6718,6718,28,6719,6,3.80,3061271,6833,5820,6560
ag2012,00:15:23,6719,6718,20,6719,28,3.82,3061281,6833,5820,6560
ag2012,00:15:24,6720,6718,16,6720,38,3.83,3061338,6833,5820,6560
ag2012,00:15:24,6719,6719,26,6720,45,3.82,3061353,6833,5820,6560
ag2012,00:15:25,6719,6718,34,6719,9,3.82,3061386,6833,5820,6560
ag2012,00:15:25,6719,6718,71,6719,47,3.82,3061404,6833,5820,6560
ag2012,00:15:26,6719,6718,67,6719,32,3.82,3061422,6833,5820,6560
ag2012,00:15:26,6718,6718,38,6719,53,3.80,3061459,6833,5820,6560
ag2012,00:15:27,6717,6716,38,6717,38,3.79,3061605,6833,5820,6560
ag2012,00:15:27,6716,6715,133,6716,14,3.77,3061732,6833,5820,6560
ag2012,00:15:28,6717,6716,114,6717,2,3.79,3061752,6833,5820,6560
ag2012,00:15:28,6719,6717,4,6719,36,3.82,3061777,6833,5820,6560
ag2012,00:15:29,6717,6717,40,6718,23,3.79,3061783,6833,5820,6560
ag2012,00:15:29,6717,6717,23,6718,6,3.79,3061823,6833,5820,6560
ag2012,00:15:30,6717,6717,18,6718,25,3.79,3061829,6833,5820,6560
ag2012,00:15:30,6718,6716,121,6717,35,3.80,3061842,6833,5820,6560
ag2012,00:15:31,6716,6716,33,6717,34,3.77,3061921,6833,5820,6560
ag2012,00:15:31,6716,6715,137,6716,52,3.77,3061959,6833,5820,6560
ag2012,00:15:32,6716,6715,137,6716,11,3.77,3061985,6833,5820,6560
ag2012,00:15:32,6716,6716,9,6717,39,3.77,3062015,6833,5820,6560
ag2012,00:15:33,6716,6716,26,6717,37,3.77,3062023,6833,5820,6560
ag2012,00:15:33,6715,6715,132,6716,1,3.75,3062066,6833,5820,6560
ag2012,00:15:34,6715,6715,139,6716,6,3.75,3062075,6833,5820,6560
ag2012,00:15:34,6716,6715,143,6716,3,3.77,3062092,6833,5820,6560
ag2012,00:15:35,6716,6715,144,6716,2,3.77,3062106,6833,5820,6560
ag2012,00:15:35,6715,6714,114,6715,20,3.75,3062254,6833,5820,6560
ag2012,00:15:36,6716,6715,3,6716,2,3.77,3062321,6833,5820,6560
ag2012,00:15:37,6716,6715,43,6716,5,3.77,3062349,6833,5820,6560
ag2012,00:15:37,6716,6715,41,6716,60,3.77,3062359,6833,5820,6560
ag2012,00:15:38,6715,6715,15,6716,60,3.75,3062380,6833,5820,6560
ag2012,00:15:38,6715,6714,114,6716,65,3.75,3062405,6833,5820,6560
ag2012,00:15:39,6714,6714,117,6715,29,3.74,3062411,6833,5820,6560
ag2012,00:15:39,6716,6715,7,6716,57,3.77,3062454,6833,5820,6560
ag2012,00:15:40,6715,6714,110,6715,10,3.75,3062486,6833,5820,6560
ag2012,00:15:40,6715,6714,111,6715,2,3.75,3062498,6833,5820,6560
ag2012,00:15:41,6715,6715,7,6716,49,3.75,3062506,6833,5820,6560
ag2012,00:15:41,6715,6714,49,6716,48,3.75,3062585,6833,5820,6560
ag2012,00:15:42,6715,6714,50,6715,36,3.75,3062598,6833,5820,6560
ag2012,00:15:42,6714,6714,48,6715,33,3.74,3062603,6833,5820,6560
ag2012,00:15:43,6715,6714,41,6715,41,3.75,3062612,6833,5820,6560
ag2012,00:15:43,6714,6713,269,6714,3,3.74,3062656,6833,5820,6560
ag2012,00:15:44,6714,6713,269,6714,52,3.74,3062664,6833,5820,6560
ag2012,00:15:44,6713,6713,263,6714,109,3.72,3062678,6833,5820,6560
ag2012,00:15:45,6713,6713,196,6714,79,3.72,3062751,6833,5820,6560
ag2012,00:15:45,6714,6713,17,6714,66,3.74,3062943,6833,5820,6560
ag2012,00:15:46,6713,6712,72,6713,162,3.72,3062966,6833,5820,6560
ag2012,00:15:46,6713,6712,64,6713,367,3.72,3062977,6833,5820,6560
ag2012,00:15:47,6713,6711,83,6712,3,3.72,3063053,6833,5820,6560
ag2012,00:15:47,6712,6711,104,6712,3,3.71,3063100,6833,5820,6560
ag2012,00:15:48,6712,6711,93,6712,43,3.71,3063128,6833,5820,6560
ag2012,00:15:48,6711,6711,52,6712,33,3.69,3063175,6833,5820,6560
ag2012,00:15:49,6711,6711,45,6712,19,3.69,3063209,6833,5820,6560
ag2012,00:15:49,6712,6711,36,6712,8,3.71,3063245,6833,5820,6560
ag2012,00:15:50,6713,6712,27,6713,342,3.72,3063267,6833,5820,6560
ag2012,00:15:50,6711,6711,15,6712,7,3.69,3063350,6833,5820,6560
ag2012,00:15:51,6712,6711,11,6712,42,3.71,3063369,6833,5820,6560
ag2012,00:15:51,6711,6710,263,6711,72,3.69,3063387,6833,5820,6560
ag2012,00:15:52,6710,6710,31,6711,64,3.68,3063638,6833,5820,6560
ag2012,00:15:52,6710,6709,113,6710,98,3.68,3063719,6833,5820,6560
ag2012,00:15:53,6709,6709,5,6710,45,3.66,3063896,6833,5820,6560
ag2012,00:15:53,6710,6708,48,6709,1,3.68,3063932,6833,5820,6560
ag2012,00:15:54,6710,6708,43,6710,34,3.68,3064008,6833,5820,6560
ag2012,00:15:54,6709,6709,20,6710,50,3.66,3064028,6833,5820,6560
ag2012,00:15:55,6709,6708,50,6709,60,3.66,3064064,6833,5820,6560
ag2012,00:15:55,6708,6708,91,6709,51,3.65,3064076,6833,5820,6560
ag2012,00:15:56,6709,6708,83,6709,24,3.66,3064096,6833,5820,6560
ag2012,00:15:56,6708,6709,3,6710,47,3.65,3064210,6833,5820,6560
ag2012,00:15:57,6709,6708,19,6709,3,3.66,3064233,6833,5820,6560
ag2012,00:15:57,6708,6708,3,6709,15,3.65,3064293,6833,5820,6560
ag2012,00:15:58,6708,6707,56,6708,1,3.65,3064335,6833,5820,6560
ag2012,00:15:58,6708,6707,59,6708,185,3.65,3064401,6833,5820,6560
ag2012,00:15:59,6707,6707,10,6708,156,3.63,3064498,6833,5820,6560
ag2012,00:15:59,6708,6707,72,6708,149,3.65,3064563,6833,5820,6560
ag2012,00:16:00,6708,6708,28,6709,15,3.65,3064733,6833,5820,6560
ag2012,00:16:00,6708,6709,1,6710,50,3.65,3064761,6833,5820,6560
ag2012,00:16:01,6709,6709,9,6710,33,3.66,3064807,6833,5820,6560
ag2012,00:16:01,6708,6708,34,6710,28,3.65,3064873,6833,5820,6560
ag2012,00:16:02,6709,6709,4,6710,29,3.66,3064914,6833,5820,6560
ag2012,00:16:02,6709,6708,23,6709,2,3.66,3064958,6833,5820,6560
ag2012,00:16:03,6709,6708,19,6709,31,3.66,3064984,6833,5820,6560
ag2012,00:16:03,6708,6708,9,6709,36,3.65,3064999,6833,5820,6560
ag2012,00:16:04,6708,6708,11,6709,24,3.65,3065022,6833,5820,6560
ag2012,00:16:04,6709,6709,4,6710,34,3.66,3065069,6833,5820,6560
ag2012,00:16:05,6709,6708,8,6709,1,3.66,3065089,6833,5820,6560
ag2012,00:16:05,6710,6709,34,6711,61,3.68,3065142,6833,5820,6560
ag2012,00:16:06,6710,6710,1,6711,61,3.68,3065151,6833,5820,6560
ag2012,00:16:06,6710,6710,16,6711,59,3.68,3065160,6833,5820,6560
ag2012,00:16:07,6709,6708,93,6709,206,3.66,3065262,6833,5820,6560
ag2012,00:16:07,6710,6710,7,6711,99,3.68,3065489,6833,5820,6560
ag2012,00:16:08,6711,6710,15,6712,86,3.69,3065598,6833,5820,6560
ag2012,00:16:08,6710,6709,5,6711,32,3.68,3065660,6833,5820,6560
ag2012,00:16:09,6711,6709,25,6710,4,3.69,3065687,6833,5820,6560
ag2012,00:16:09,6710,6709,24,6710,37,3.68,3065710,6833,5820,6560
ag2012,00:16:10,6710,6708,165,6709,38,3.68,3065755,6833,5820,6560
ag2012,00:16:10,6710,6709,10,6710,43,3.68,3065799,6833,5820,6560
ag2012,00:16:11,6710,6709,37,6711,16,3.68,3065849,6833,5820,6560
ag2012,00:16:11,6710,6710,17,6711,28,3.68,3065871,6833,5820,6560
ag2012,00:16:12,6710,6710,3,6711,37,3.68,3065889,6833,5820,6560
ag2012,00:16:12,6710,6709,55,6710,3,3.68,3065899,6833,5820,6560
ag2012,00:16:13,6710,6709,49,6710,24,3.68,3065910,6833,5820,6560
ag2012,00:16:13,6709,6709,53,6710,34,3.66,3065915,6833,5820,6560
ag2012,00:16:14,6710,6709,48,6710,40,3.68,3065922,6833,5820,6560
ag2012,00:16:14,6710,6709,67,6710,41,3.68,3065928,6833,5820,6560
ag2012,00:16:15,6709,6709,45,6710,49,3.66,3065955,6833,5820,6560
ag2012,00:16:15,6710,6709,34,6710,52,3.68,3065971,6833,5820,6560
ag2012,00:16:16,6710,6709,32,6710,52,3.68,3065977,6833,5820,6560
ag2012,00:16:16,6709,6708,270,6709,5,3.66,3066018,6833,5820,6560
ag2012,00:16:17,6709,6709,2,6710,49,3.66,3066029,6833,5820,6560
ag2012,00:16:17,6709,6708,235,6709,19,3.66,3066055,6833,5820,6560
ag2012,00:16:18,6708,6708,220,6709,27,3.65,3066064,6833,5820,6560
ag2012,00:16:18,6708,6708,206,6709,42,3.65,3066083,6833,5820,6560
ag2012,00:16:19,6708,6707,124,6708,11,3.65,3066318,6833,5820,6560
ag2012,00:16:19,6707,6707,124,6708,38,3.63,3066381,6833,5820,6560
ag2012,00:16:20,6708,6707,42,6708,23,3.65,3066485,6833,5820,6560
ag2012,00:16:20,6708,6707,17,6708,36,3.65,3066516,6833,5820,6560
ag2012,00:16:21,6708,6707,4,6708,31,3.65,3066597,6833,5820,6560
ag2012,00:16:21,6708,6707,17,6708,33,3.65,3066607,6833,5820,6560
ag2012,00:16:22,6707,6707,20,6708,38,3.63,3066661,6833,5820,6560
ag2012,00:16:22,6707,6706,92,6707,5,3.63,3066727,6833,5820,6560
ag2012,00:16:23,6706,6706,87,6707,2,3.62,3066891,6833,5820,6560
ag2012,00:16:23,6707,6707,10,6708,5,3.63,3066942,6833,5820,6560
ag2012,00:16:24,6706,6706,62,6707,34,3.62,3066969,6833,5820,6560
ag2012,00:16:24,6706,6705,106,6706,36,3.62,3067053,6833,5820,6560
ag2012,00:16:37,6702,6702,48,6703,35,3.55,3068694,6833,5820,6560
ag2012,00:16:38,6703,6702,1,6703,46,3.57,3068762,6833,5820,6560
ag2012,00:16:38,6702,6701,76,6702,44,3.55,3068816,6833,5820,6560
ag2012,00:16:39,6700,6700,370,6702,11,3.52,3068954,6833,5820,6560
ag2012,00:16:39,6702,6701,15,6702,13,3.55,3069312,6833,5820,6560
ag2012,00:16:40,6701,6700,93,6701,1,3.54,3069351,6833,5820,6560
ag2012,00:16:40,6701,6700,59,6701,51,3.54,3069410,6833,5820,6560
ag2012,00:16:41,6700,6700,39,6701,20,3.52,3069472,6833,5820,6560
ag2012,00:16:41,6700,6699,82,6700,7,3.52,3069553,6833,5820,6560
ag2012,00:16:42,6699,6699,61,6701,6,3.51,3069641,6833,5820,6560
ag2012,00:16:42,6701,6700,45,6701,50,3.54,3069760,6833,5820,6560
ag2012,00:16:43,6701,6700,75,6701,3,3.54,3069839,6833,5820,6560
ag2012,00:16:43,6701,6701,8,6703,44,3.54,3069995,6833,5820,6560
ag2012,00:16:44,6702,6702,22,6703,35,3.55,3070057,6833,5820,6560
ag2012,00:16:44,6704,6703,3,6705,50,3.58,3070348,6833,5820,6560
ag2012,00:16:45,6704,6704,25,6706,94,3.58,3070456,6833,5820,6560
ag2012,00:16:45,6704,6704,31,6705,90,3.58,3070484,6833,5820,6560
ag2012,00:16:46,6704,6703,92,6704,1,3.58,3070542,6833,5820,6560
ag2012,00:16:46,6704,6704,7,6705,90,3.58,3070572,6833,5820,6560
ag2012,00:16:47,6705,6703,92,6705,90,3.60,3070606,6833,5820,6560
ag2012,00:16:47,6703,6703,86,6704,14,3.57,3070633,6833,5820,6560
ag2012,00:16:48,6703,6703,80,6704,10,3.57,3070648,6833,5820,6560
ag2012,00:16:48,6704,6704,3,6705,86,3.58,3070683,6833,5820,6560
ag2012,00:16:49,6705,6704,20,6705,87,3.60,3070690,6833,5820,6560
ag2012,00:16:49,6705,6704,48,6705,81,3.60,3070715,6833,5820,6560
ag2012,00:16:50,6705,6704,31,6705,34,3.60,3070805,6833,5820,6560
ag2012,00:17:11,6706,6706,3,6707,50,3.62,3073080,6833,5820,6560
ag2012,00:17:11,6706,6705,26,6706,2,3.62,3073097,6833,5820,6560
ag2012,00:17:12,6706,6705,19,6706,1,3.62,3073121,6833,5820,6560
ag2012,00:17:12,6705,6705,19,6706,17,3.60,3073125,6833,5820,6560
ag2012,00:17:13,6705,6704,81,6705,3,3.60,3073160,6833,5820,6560
ag2012,00:17:13,6706,6705,11,6706,8,3.62,3073186,6833,5820,6560
ag2012,00:17:14,6706,6705,34,6706,19,3.62,3073193,6833,5820,6560
ag2012,00:17:14,6705,6705,38,6706,17,3.60,3073209,6833,5820,6560
ag2012,00:17:15,6706,6705,42,6706,14,3.62,3073216,6833,5820,6560
ag2012,00:17:15,6706,6705,33,6706,12,3.62,3073227,6833,5820,6560
ag2012,00:17:16,6705,6705,30,6706,16,3.60,3073243,6833,5820,6560
ag2012,00:17:16,6706,6705,25,6706,18,3.62,3073253,6833,5820,6560
ag2012,00:17:17,6705,6705,24,6706,14,3.60,3073260,6833,5820,6560
ag2012,00:17:17,6706,6705,30,6706,1,3.62,3073278,6833,5820,6560
ag2012,00:17:18,6705,6705,48,6707,42,3.60,3073291,6833,5820,6560
ag2012,00:17:18,6706,6706,2,6707,43,3.62,3073295,6833,5820,6560
ag2012,00:17:19,6706,6706,2,6707,42,3.62,3073321,6833,5820,6560
ag2012,00:17:19,6706,6705,46,6706,5,3.62,3073331,6833,5820,6560
ag2012,00:17:20,6706,6705,44,6706,19,3.62,3073337,6833,5820,6560
ag2012,00:17:20,6706,6705,44,6706,14,3.62,3073344,6833,5820,6560
ag2012,00:17:21,6706,6706,43,6707,40,3.62,3073377,6833,5820,6560
ag2012,00:17:21,6706,6706,72,6708,67,3.62,3073420,6833,5820,6560
ag2012,00:17:22,6706,6705,52,6706,1,3.62,3073523,6833,5820,6560
ag2012,00:17:22,6706,6705,62,6706,15,3.62,3073540,6833,5820,6560
ag2012,00:17:23,6706,6705,58,6707,20,3.62,3073560,6833,5820,6560
ag2012,00:17:23,6706,6705,62,6707,20,3.62,3073574,6833,5820,6560
ag2012,00:17:24,6706,6706,9,6707,17,3.62,3073587,6833,5820,6560
ag2012,00:17:24,6707,6706,4,6707,1,3.63,3073643,6833,5820,6560
ag2012,00:17:25,6706,6706,52,6707,3,3.62,3073654,6833,5820,6560
ag2012,00:17:25,6706,6706,59,6707,2,3.62,3073659,6833,5820,6560
ag2012,00:17:26,6706,6706,42,6707,4,3.62,3073677,6833,5820,6560
ag2012,00:17:26,6707,6706,43,6707,28,3.63,3073683,6833,5820,6560
ag2012,00:17:27,6707,6706,17,6707,24,3.63,3073703,6833,5820,6560
ag2012,00:17:27,6706,6705,62,6706,10,3.62,3073722,6833,5820,6560
ag2012,00:17:28,6705,6705,61,6706,6,3.60,3073748,6833,5820,6560
ag2012,00:17:28,6705,6705,51,6706,4,3.60,3073756,6833,5820,6560
ag2012,00:17:29,6705,6705,50,6706,1,3.60,3073774,6833,5820,6560
ag2012,00:17:29,6706,6706,1,6707,30,3.62,3073800,6833,5820,6560
ag2012,00:17:30,6706,6706,36,6707,30,3.62,3073808,6833,5820,6560
ag2012,00:17:30,6707,6706,43,6707,27,3.63,3073814,6833,5820,6560
ag2012,00:17:31,6707,6706,41,6707,28,3.63,3073817,6833,5820,6560
ag2012,00:17:31,6706,6706,19,6707,30,3.62,3073839,6833,5820,6560
ag2012,00:17:32,6707,6707,78,6708,52,3.63,3073899,6833,5820,6560
ag2012,00:17:32,6705,6704,39,6706,17,3.60,3074036,6833,5820,6560
ag2012,00:17:33,6704,6704,21,6705,12,3.58,3074054,6833,5820,6560
ag2012,00:17:33,6704,6704,24,6705,13,3.58,3074075,6833,5820,6560
ag2012,00:17:34,6705,6705,1,6706,33,3.60,3074090,6833,5820,6560
ag2012,00:17:34,6705,6705,18,6706,31,3.60,3074101,6833,5820,6560
ag2012,00:17:35,6705,6705,19,6706,36,3.60,3074106,6833,5820,6560
ag2012,00:17:35,6706,6705,30,6706,34,3.62,3074112,6833,5820,6560
ag2012,00:17:36,6705,6705,28,6706,32,3.60,3074122,6833,5820,6560
ag2012,00:17:37,6707,6707,274,6708,53,3.63,3074286,6833,5820,6560
ag2012,00:17:37,6707,6708,1,6709,85,3.63,3074434,6833,5820,6560
ag2012,00:17:38,6707,6707,182,6708,48,3.63,3074452,6833,5820,6560
ag2012,00:17:38,6707,6707,170,6708,2,3.63,3074474,6833,5820,6560
ag2012,00:17:39,6708,6707,152,6708,9,3.65,3074500,6833,5820,6560
ag2012,00:17:39,6708,6707,70,6708,33,3.65,3074587,6833,5820,6560
ag2012,00:17:40,6708,6706,18,6708,18,3.65,3074722,6833,5820,6560
ag2012,00:17:40,6708,6706,26,6708,29,3.65,3074730,6833,5820,6560
ag2012,00:17:41,6708,6706,28,6708,29,3.65,3074743,6833,5820,6560
ag2012,00:17:41,6708,6706,23,6708,26,3.65,3074755,6833,5820,6560
ag2012,00:17:42,6706,6705,32,6706,8,3.62,3074812,6833,5820,6560
ag2012,00:17:42,6707,6706,48,6707,7,3.63,3074830,6833,5820,6560
ag2012,00:17:43,6706,6706,35,6708,7,3.62,3074851,6833,5820,6560
ag2012,00:17:43,6707,6706,33,6707,9,3.63,3074853,6833,5820,6560
ag2012,00:17:44,6707,6706,34,6707,18,3.63,3074855,6833,5820,6560
ag2012,00:17:44,6707,6707,6,6708,42,3.63,3074875,6833,5820,6560
ag2012,00:17:45,6707,6707,27,6708,38,3.63,3074889,6833,5820,6560
ag2012,00:17:45,6707,6707,24,6708,45,3.63,3074898,6833,5820,6560
ag2012,00:17:46,6708,6707,22,6708,44,3.65,3074902,6833,5820,6560
ag2012,00:17:46,6708,6707,20,6708,41,3.65,3074910,6833,5820,6560
ag2012,00:17:47,6708,6707,14,6708,36,3.65,3074922,6833,5820,6560
ag2012,00:17:47,6708,6707,13,6708,34,3.65,3074926,6833,5820,6560
ag2012,00:17:48,6708,6707,8,6708,32,3.65,3074940,6833,5820,6560
ag2012,00:17:48,6707,6707,17,6708,33,3.63,3074944,6833,5820,6560
ag2012,00:17:49,6707,6707,20,6708,20,3.63,3074960,6833,5820,6560
ag2012,00:17:49,6708,6707,17,6708,9,3.65,3074980,6833,5820,6560
ag2012,00:17:50,6708,6707,23,6709,92,3.65,3074999,6833,5820,6560
ag2012,00:17:50,6708,6707,22,6708,6,3.65,3075005,6833,5820,6560
ag2012,00:17:51,6708,6708,4,6709,94,3.65,3075023,6833,5820,6560
ag2012,00:17:51,6708,6708,16,6709,94,3.65,3075026,6833,5820,6560
ag2012,00:17:52,6708,6708,29,6709,93,3.65,3075035,6833,5820,6560
ag2012,00:17:52,6709,6708,29,6709,89,3.66,3075046,6833,5820,6560
ag2012,00:17:53,6710,6709,26,6710,78,3.68,3075201,6833,5820,6560
ag2012,00:17:53,6709,6709,26,6710,35,3.66,3075256,6833,5820,6560
ag2012,00:17:54,6710,6709,29,6710,20,3.68,3075273,6833,5820,6560
ag2012,00:17:54,6710,6710,1,6711,52,3.68,3075305,6833,5820,6560
ag2012,00:17:55,6711,6710,5,6711,31,3.69,3075337,6833,5820,6560
ag2012,00:17:55,6710,6710,5,6711,31,3.68,3075362,6833,5820,6560
ag2012,00:17:56,6709,6709,8,6710,4,3.66,3075388,6833,5820,6560
ag2012,00:17:56,6710,6708,41,6710,22,3.68,3075426,6833,5820,6560
ag2012,00:17:57,6710,6709,3,6710,20,3.68,3075436,6833,5820,6560
ag2012,00:17:57,6710,6709,28,6711,1,3.68,3075505,6833,5820,6560
ag2012,00:17:58,6711,6710,29,6711,32,3.69,3075507,6833,5820,6560
ag2012,00:17:58,6711,6710,29,6711,30,3.69,3075515,6833,5820,6560
ag2012,00:17:59,6711,6710,18,6711,29,3.69,3075534,6833,5820,6560
ag2012,00:17:59,6710,6709,36,6710,8,3.68,3075590,6833,5820,6560
ag2012,00:18:00,6710,6710,16,6711,8,3.68,3075606,6833,5820,6560
ag2012,00:18:00,6710,6710,1,6711,32,3.68,3075636,6833,5820,6560
ag2012,00:18:01,6710,6709,11,6711,35,3.68,3075666,6833,5820,6560
ag2012,00:18:01,6710,6709,16,6710,14,3.68,3075674,6833,5820,6560
ag2012,00:18:02,6710,6708,39,6710,15,3.68,3075701,6833,5820,6560
ag2012,00:18:02,6708,6708,38,6709,4,3.65,3075709,6833,5820,6560
ag2012,00:18:03,6709,6708,32,6709,8,3.66,3075723,6833,5820,6560
ag2012,00:18:03,6709,6708,28,6709,37,3.66,3075723,6833,5820,6560
ag2012,00:18:04,6709,6708,9,6709,35,3.66,3075726,6833,5820,6560
ag2012,00:18:04,6709,6708,12,6709,18,3.66,3075743,6833,5820,6560
ag2012,00:18:05,6709,6709,15,6710,33,3.66,3075764,6833,5820,6560
ag2012,00:18:05,6709,6709,17,6710,30,3.66,3075787,6833,5820,6560
ag2012,00:18:06,6709,6709,16,6710,30,3.66,3075790,6833,5820,6560
ag2012,00:18:06,6710,6709,16,6710,19,3.68,3075802,6833,5820,6560
ag2012,00:18:07,6709,6709,18,6710,21,3.66,3075804,6833,5820,6560
ag2012,00:18:07,6710,6709,6,6710,10,3.68,3075832,6833,5820,6560
ag2012,00:18:08,6710,6710,193,6711,57,3.68,3075868,6833,5820,6560
ag2012,00:18:08,6710,6711,209,6712,107,3.68,3075928,6833,5820,6560
ag2012,00:18:09,6711,6712,35,6713,238,3.69,3076049,6833,5820,6560
ag2012,00:18:09,6712,6712,61,6713,113,3.71,3076186,6833,5820,6560
ag2012,00:18:10,6713,6713,5,6714,33,3.72,3076318,6833,5820,6560
ag2012,00:18:10,6713,6713,57,6714,7,3.72,3076347,6833,5820,6560
ag2012,00:18:11,6712,6713,27,6714,1,3.71,3076474,6833,5820,6560
ag2012,00:18:11,6713,6712,43,6713,2,3.72,3076523,6833,5820,6560
ag2012,00:18:12,6713,6711,148,6712,4,3.72,3076636,6833,5820,6560
ag2012,00:18:12,6711,6711,137,6712,65,3.69,3076655,6833,5820,6560
ag2012,00:18:13,6712,6711,167,6712,107,3.71,3076658,6833,5820,6560
ag2012,00:18:13,6711,6710,200,6711,22,3.69,3076832,6833,5820,6560
ag2012,00:18:33,6714,6714,44,6715,78,3.74,3077943,6833,5820,6560
ag2012,02:30:00,6534,6532,1,6534,7,-0.91,2397906,7184,6119,6661
ag2012,00:24:26,6712,6711,107,6712,46,3.71,3098450,6833,5820,6560
ag2012,00:24:26,6711,6711,96,6712,47,3.69,3098462,6833,5820,6560
ag2012,00:24:27,6712,6711,98,6712,47,3.71,3098464,6833,5820,6560
ag2012,00:24:27,6712,6711,95,6712,81,3.71,3098469,6833,5820,6560
ag2012,00:24:28,6712,6711,94,6712,77,3.71,3098475,6833,5820,6560
ag2012,00:24:28,6712,6711,94,6712,73,3.71,3098481,6833,5820,6560
ag2012,00:24:29,6712,6711,84,6712,71,3.71,3098493,6833,5820,6560
ag2012,00:24:29,6712,6711,83,6712,71,3.71,3098497,6833,5820,6560
ag2012,00:24:30,6711,6711,78,6712,73,3.69,3098504,6833,5820,6560
ag2012,00:24:30,6711,6711,65,6712,69,3.69,3098523,6833,5820,6560
ag2012,00:24:31,6712,6711,51,6712,68,3.71,3098539,6833,5820,6560
ag2012,00:24:31,6711,6711,14,6712,69,3.69,3098577,6833,5820,6560
ag2012,00:24:32,6710,6710,251,6712,67,3.68,3098595,6833,5820,6560
ag2012,00:24:33,6712,6710,251,6711,47,3.71,3098597,6833,5820,6560
ag2012,00:24:33,6711,6710,251,6711,15,3.69,3098652,6833,5820,6560
ag2012,00:24:34,6711,6711,18,6712,67,3.69,3098696,6833,5820,6560
ag2012,00:24:34,6711,6710,248,6711,41,3.69,3098724,6833,5820,6560
ag2012,00:24:35,6711,6711,66,6712,135,3.69,3098773,6833,5820,6560
ag2012,00:24:35,6712,6711,57,6712,127,3.71,3098801,6833,5820,6560
ag2012,00:24:36,6711,6711,34,6712,122,3.69,3098824,6833,5820,6560
ag2012,00:24:36,6711,6711,20,6712,122,3.69,3098844,6833,5820,6560
ag2012,00:24:37,6711,6711,6,6712,123,3.69,3098859,6833,5820,6560
ag2012,00:24:37,6712,6710,243,6712,122,3.71,3098882,6833,5820,6560
ag2012,00:24:38,6712,6710,244,6711,15,3.71,3098903,6833,5820,6560
ag2012,00:24:38,6710,6710,242,6711,29,3.68,3098907,6833,5820,6560
ag2012,00:24:39,6710,6710,242,6711,5,3.68,3098937,6833,5820,6560
ag2012,00:24:39,6711,6710,242,6711,4,3.69,3098938,6833,5820,6560
ag2012,00:24:40,6711,6710,249,6711,8,3.69,3098951,6833,5820,6560
ag2012,00:24:40,6712,6711,1,6712,111,3.71,3098963,6833,5820,6560
ag2012,00:24:41,6711,6711,22,6712,112,3.69,3098971,6833,5820,6560
ag2012,00:24:41,6710,6710,250,6712,109,3.68,3098999,6833,5820,6560
ag2012,00:24:42,6711,6710,248,6711,1,3.69,3099011,6833,5820,6560
ag2012,00:24:42,6710,6710,239,6711,14,3.68,3099031,6833,5820,6560
ag2012,00:24:43,6711,6710,238,6711,19,3.69,3099033,6833,5820,6560
ag2012,00:24:43,6710,6710,230,6711,47,3.68,3099041,6833,5820,6560
ag2012,00:24:44,6710,6710,226,6711,103,3.68,3099048,6833,5820,6560
ag2012,00:24:44,6711,6710,161,6711,101,3.69,3099117,6833,5820,6560
ag2012,00:24:45,6710,6710,141,6711,88,3.68,3099150,6833,5820,6560
ag2012,00:24:45,6710,6710,48,6711,79,3.68,3099253,6833,5820,6560
ag2012,00:24:46,6710,6709,70,6710,6,3.68,3099310,6833,5820,6560
ag2012,00:24:46,6710,6710,3,6711,83,3.68,3099335,6833,5820,6560
ag2012,00:24:47,6711,6710,63,6711,79,3.69,3099348,6833,5820,6560
ag2012,00:24:47,6711,6710,55,6711,74,3.69,3099372,6833,5820,6560
ag2012,00:24:48,6710,6710,35,6711,74,3.68,3099393,6833,5820,6560
ag2012,00:24:48,6710,6710,16,6711,70,3.68,3099413,6833,5820,6560
ag2012,00:24:49,6710,6710,4,6711,82,3.68,3099425,6833,5820,6560
ag2012,00:24:49,6711,6709,83,6710,4,3.69,3099430,6833,5820,6560
ag2012,00:24:50,6711,6709,83,6710,29,3.69,3099434,6833,5820,6560
ag2012,00:24:50,6710,6709,84,6710,45,3.68,3099444,6833,5820,6560
ag2012,00:24:51,6709,6709,16,6710,51,3.66,3099513,6833,5820,6560
ag2012,00:24:51,6709,6708,277,6709,33,3.66,3099540,6833,5820,6560
ag2012,00:24:52,6709,6708,259,6709,33,3.66,3099563,6833,5820,6560
ag2012,00:24:52,6708,6708,253,6709,42,3.65,3099571,6833,5820,6560
ag2012,00:24:53,6709,6708,243,6709,42,3.66,3099619,6833,5820,6560
ag2012,00:24:53,6708,6708,146,6709,34,3.65,3099726,6833,5820,6560
ag2012,00:24:54,6708,6708,140,6709,26,3.65,3099741,6833,5820,6560
ag2012,00:24:54,6708,6708,431,6709,26,3.65,3099750,6833,5820,6560
ag2012,00:24:55,6708,6708,426,6710,64,3.65,3099785,6833,5820,6560
ag2012,00:24:55,6709,6709,16,6710,67,3.66,3099799,6833,5820,6560
ag2012,00:24:56,6709,6709,8,6710,69,3.66,3099832,6833,5820,6560
ag2012,00:24:56,6709,6708,557,6709,1,3.66,3099850,6833,5820,6560
ag2012,00:24:57,6709,6709,30,6710,64,3.66,3099859,6833,5820,6560
ag2012,00:24:57,6709,6708,549,6709,8,3.66,3099867,6833,5820,6560
ag2012,00:24:58,6709,6708,550,6709,56,3.66,3099867,6833,5820,6560
ag2012,00:24:58,6709,6708,544,6709,66,3.66,3099871,6833,5820,6560
ag2012,00:24:59,6709,6708,547,6709,52,3.66,3099884,6833,5820,6560
ag2012,00:24:59,6709,6709,5,6710,69,3.66,3099950,6833,5820,6560
ag2012,00:25:00,6709,6709,1,6710,79,3.66,3099978,6833,5820,6560
ag2012,00:25:00,6709,6708,545,6709,19,3.66,3100009,6833,5820,6560
ag2012,00:25:01,6708,6708,544,6709,23,3.65,3100018,6833,5820,6560
ag2012,00:25:01,6708,6708,539,6709,15,3.65,3100034,6833,5820,6560
ag2012,00:25:02,6708,6708,531,6709,30,3.65,3100046,6833,5820,6560
ag2012,00:25:02,6709,6708,466,6709,89,3.66,3100118,6833,5820,6560
ag2012,00:25:03,6709,6708,463,6709,84,3.66,3100127,6833,5820,6560
ag2012,00:25:03,6709,6708,430,6709,82,3.66,3100166,6833,5820,6560
ag2012,00:25:04,6709,6708,428,6709,81,3.66,3100171,6833,5820,6560
ag2012,00:25:04,6708,6708,427,6709,83,3.65,3100174,6833,5820,6560
ag2012,00:25:05,6709,6708,423,6710,138,3.66,3100264,6833,5820,6560
ag2012,00:25:05,6710,6708,389,6710,133,3.68,3100325,6833,5820,6560
ag2012,00:25:06,6708,6708,382,6709,19,3.65,3100336,6833,5820,6560
ag2012,00:25:06,6709,6708,381,6709,8,3.66,3100355,6833,5820,6560
ag2012,00:25:07,6709,6708,380,6710,148,3.66,3100368,6833,5820,6560
ag2012,00:25:07,6710,6709,1,6710,147,3.68,3100377,6833,5820,6560
ag2012,00:25:08,6709,6709,2,6710,147,3.66,3100387,6833,5820,6560
ag2012,00:25:08,6710,6709,31,6710,148,3.68,3100392,6833,5820,6560
ag2012,00:25:09,6709,6709,22,6710,149,3.66,3100462,6833,5820,6560
ag2012,00:25:09,6710,6708,351,6710,149,3.68,3100501,6833,5820,6560
ag2012,00:25:10,6709,6708,351,6709,5,3.66,3100502,6833,5820,6560
ag2012,00:25:10,6709,6708,345,6709,28,3.66,3100514,6833,5820,6560
ag2012,00:25:11,6708,6708,350,6709,23,3.65,3100526,6833,5820,6560
ag2012,00:25:11,6708,6708,348,6709,4,3.65,3100552,6833,5820,6560
ag2012,00:25:12,6708,6709,30,6710,153,3.65,3100558,6833,5820,6560
ag2012,00:25:12,6710,6709,54,6710,143,3.68,3100571,6833,5820,6560
ag2012,00:25:13,6709,6709,59,6710,146,3.66,3100578,6833,5820,6560
ag2012,00:25:13,6709,6708,343,6709,137,3.66,3100642,6833,5820,6560
ag2012,00:25:14,6709,6708,343,6709,129,3.66,3100654,6833,5820,6560
ag2012,00:25:14,6709,6708,342,6709,131,3.66,3100658,6833,5820,6560
ag2012,00:25:15,6708,6708,338,6709,124,3.65,3100680,6833,5820,6560
ag2012,00:25:15,6708,6708,285,6709,127,3.65,3100744,6833,5820,6560
ag2012,00:25:16,6709,6708,224,6709,126,3.66,3100808,6833,5820,6560
ag2012,00:25:16,6708,6708,48,6709,110,3.65,3101002,6833,5820,6560
ag2012,00:25:17,6706,6706,1,6707,2,3.62,3101303,6833,5820,6560
ag2012,00:25:17,6706,6706,20,6707,5,3.62,3101403,6833,5820,6560
ag2012,00:25:18,6707,6706,40,6707,23,3.63,3101422,6833,5820,6560
ag2012,00:25:18,6706,6706,45,6707,22,3.62,3101429,6833,5820,6560
ag2012,00:25:19,6706,6706,5,6707,16,3.62,3101489,6833,5820,6560
ag2012,00:25:19,6706,6706,1,6707,18,3.62,3101507,6833,5820,6560
ag2012,00:25:20,6706,6706,7,6708,241,3.62,3101532,6833,5820,6560
ag2012,00:25:20,6706,6706,19,6707,53,3.62,3101578,6833,5820,6560
ag2012,00:25:21,6706,6706,15,6707,59,3.62,3101592,6833,5820,6560
ag2012,00:25:21,6707,6705,38,6707,58,3.63,3101617,6833,5820,6560
ag2012,00:25:22,6706,6705,43,6706,1,3.62,3101626,6833,5820,6560
ag2012,00:25:22,6706,6705,39,6706,27,3.62,3101660,6833,5820,6560
ag2012,00:25:23,6706,6705,29,6706,28,3.62,3101694,6833,5820,6560
ag2012,00:25:23,6705,6705,8,6706,51,3.60,3101754,6833,5820,6560
ag2012,00:25:24,6705,6704,59,6705,42,3.60,3101778,6833,5820,6560
ag2012,00:25:24,6704,6704,54,6705,2,3.58,3101845,6833,5820,6560
ag2012,00:25:25,6704,6704,54,6705,42,3.58,3101901,6833,5820,6560
ag2012,00:25:25,6705,6705,12,6706,71,3.60,3102003,6833,5820,6560
ag2012,00:25:26,6705,6704,23,6705,33,3.60,3102028,6833,5820,6560
ag2012,00:25:26,6704,6705,1,6706,64,3.58,3102081,6833,5820,6560
ag2012,00:25:27,6704,6704,21,6705,21,3.58,3102102,6833,5820,6560
ag2012,00:25:27,6705,6704,17,6705,4,3.60,3102136,6833,5820,6560
ag2012,00:25:28,6706,6705,21,6706,67,3.62,3102178,6833,5820,6560
ag2012,00:25:28,6706,6705,34,6706,63,3.62,3102196,6833,5820,6560
ag2012,00:25:29,6706,6705,21,6706,57,3.62,3102223,6833,5820,6560
ag2012,00:25:29,6706,6706,76,6709,95,3.62,3102427,6833,5820,6560
ag2012,00:25:30,6707,6707,95,6708,1,3.63,3102464,6833,5820,6560
ag2012,00:25:30,6707,6707,85,6708,2,3.63,3102478,6833,5820,6560
ag2012,00:25:31,6708,6707,100,6708,3,3.65,3102490,6833,5820,6560
ag2012,00:25:31,6707,6707,83,6708,30,3.63,3102525,6833,5820,6560
ag2012,00:25:32,6708,6706,69,6707,10,3.65,3102596,6833,5820,6560
ag2012,00:25:32,6706,6706,65,6708,31,3.62,3102625,6833,5820,6560
ag2012,00:25:33,6707,6707,21,6708,49,3.63,3102627,6833,5820,6560
ag2012,00:25:34,6706,6707,76,6708,49,3.62,3102656,6833,5820,6560
ag2012,00:25:34,6708,6707,112,6708,45,3.65,3102664,6833,5820,6560
ag2012,00:25:35,6707,6707,112,6709,165,3.63,3102713,6833,5820,6560
ag2012,00:25:35,6708,6708,5,6709,160,3.65,3102732,6833,5820,6560
ag2012,00:25:36,6708,6707,124,6708,29,3.65,3102769,6833,5820,6560
ag2012,00:25:36,6708,6707,144,6708,23,3.65,3102790,6833,5820,6560
ag2012,00:25:37,6707,6707,148,6708,10,3.63,3102831,6833,5820,6560
ag2012,00:25:37,6709,6707,132,6709,146,3.66,3102848,6833,5820,6560
ag2012,00:25:38,6708,6708,10,6709,144,3.65,3102854,6833,5820,6560
ag2012,00:25:38,6709,6708,71,6709,140,3.66,3102859,6833,5820,6560
ag2012,00:25:39,6708,6708,70,6709,139,3.65,3102865,6833,5820,6560
ag2012,00:25:39,6709,6708,120,6709,135,3.66,3102878,6833,5820,6560
ag2012,00:25:40,6709,6708,169,6709,133,3.66,3102886,6833,5820,6560
ag2012,00:25:40,6709,6708,171,6709,95,3.66,3102926,6833,5820,6560
ag2012,00:25:41,6708,6708,165,6709,67,3.65,3102964,6833,5820,6560
ag2012,00:25:41,6708,6708,162,6709,62,3.65,3102980,6833,5820,6560
ag2012,00:25:42,6708,6708,155,6710,110,3.65,3103063,6833,5820,6560
ag2012,00:25:42,6709,6708,145,6710,110,3.66,3103080,6833,5820,6560
ag2012,00:25:43,6709,6709,6,6710,109,3.66,3103101,6833,5820,6560
ag2012,00:25:43,6709,6708,129,6710,110,3.66,3103109,6833,5820,6560
ag2012,00:25:44,6710,6708,151,6710,107,3.68,3103116,6833,5820,6560
ag2012,00:25:44,6708,6708,146,6710,108,3.65,3103124,6833,5820,6560
ag2012,00:25:45,6709,6708,147,6710,108,3.66,3103126,6833,5820,6560
ag2012,00:25:45,6708,6708,146,6710,106,3.65,3103130,6833,5820,6560
ag2012,00:25:46,6709,6708,144,6709,27,3.66,3103157,6833,5820,6560
ag2012,00:25:46,6710,6708,147,6710,104,3.68,3103191,6833,5820,6560
ag2012,00:25:47,6708,6709,1,6710,101,3.65,3103197,6833,5820,6560
ag2012,00:25:47,6708,6708,151,6710,101,3.65,3103204,6833,5820,6560
ag2012,00:25:48,6708,6709,1,6710,96,3.65,3103223,6833,5820,6560
ag2012,00:25:48,6708,6708,130,6710,96,3.65,3103238,6833,5820,6560
ag2012,00:25:49,6709,6709,4,6710,83,3.66,3103254,6833,5820,6560
ag2012,00:25:49,6709,6709,54,6710,80,3.66,3103257,6833,5820,6560
ag2012,00:25:50,6709,6709,66,6711,29,3.66,3103342,6833,5820,6560
ag2012,00:25:50,6709,6710,12,6711,40,3.66,3103343,6833,5820,6560
ag2012,00:25:51,6710,6710,10,6711,41,3.68,3103357,6833,5820,6560
ag2012,00:25:51,6711,6710,13,6711,31,3.69,3103392,6833,5820,6560
ag2012,00:25:52,6711,6710,3,6711,27,3.69,3103408,6833,5820,6560
ag2012,00:25:52,6710,6709,64,6710,2,3.68,3103419,6833,5820,6560
ag2012,00:25:53,6710,6710,5,6711,26,3.68,3103426,6833,5820,6560
ag2012,00:25:53,6711,6710,13,6711,26,3.69,3103431,6833,5820,6560
ag2012,00:25:54,6711,6710,17,6711,14,3.69,3103445,6833,5820,6560
ag2012,00:25:54,6711,6710,80,6711,6,3.69,3103454,6833,5820,6560
ag2012,00:25:55,6711,6710,114,6711,2,3.69,3103465,6833,5820,6560
ag2012,00:25:55,6710,6710,150,6711,21,3.68,3103470,6833,5820,6560
ag2012,00:25:56,6711,6710,98,6711,13,3.69,3103532,6833,5820,6560
ag2012,00:25:56,6711,6711,37,6712,41,3.69,3103554,6833,5820,6560
ag2012,00:25:57,6711,6711,2,6712,40,3.69,3103596,6833,5820,6560
ag2012,00:25:57,6711,6711,14,6712,39,3.69,3103606,6833,5820,6560
ag2012,00:25:58,6710,6710,82,6711,18,3.68,3103642,6833,5820,6560
ag2012,00:25:58,6711,6710,80,6711,31,3.69,3103646,6833,5820,6560
ag2012,00:25:59,6711,6710,83,6711,27,3.69,3103652,6833,5820,6560
ag2012,00:25:59,6710,6710,81,6711,58,3.68,3103655,6833,5820,6560
ag2012,00:26:00,6711,6710,80,6711,59,3.69,3103657,6833,5820,6560
ag2012,00:26:00,6711,6710,81,6711,51,3.69,3103665,6833,5820,6560
ag2012,00:26:01,6710,6710,87,6711,68,3.68,3103667,6833,5820,6560
ag2012,00:26:01,6711,6710,47,6711,70,3.69,3103672,6833,5820,6560
ag2012,00:26:02,6710,6709,89,6710,19,3.68,3103720,6833,5820,6560
ag2012,00:26:02,6709,6709,78,6710,5,3.66,3103746,6833,5820,6560
ag2012,00:26:03,6711,6710,1,6711,101,3.69,3103761,6833,5820,6560
ag2012,00:26:03,6710,6709,68,6710,2,3.68,3103766,6833,5820,6560
ag2012,00:26:04,6710,6709,68,6710,14,3.68,3103767,6833,5820,6560
ag2012,00:26:04,6710,6709,64,6710,8,3.68,3103786,6833,5820,6560
ag2012,00:26:05,6710,6709,66,6710,11,3.68,3103794,6833,5820,6560
ag2012,00:26:05,6710,6709,1,6710,20,3.68,3103866,6833,5820,6560
ag2012,00:26:06,6709,6708,167,6709,18,3.66,3103873,6833,5820,6560
ag2012,00:26:06,6709,6708,168,6709,17,3.66,3103875,6833,5820,6560
ag2012,00:26:07,6709,6708,167,6709,16,3.66,3103885,6833,5820,6560
ag2012,00:26:07,6709,6708,168,6709,2,3.66,3103901,6833,5820,6560
ag2012,00:26:08,6708,6708,164,6709,3,3.65,3103906,6833,5820,6560
ag2012,00:26:08,6709,6708,171,6709,34,3.66,3103910,6833,5820,6560
ag2012,00:26:09,6709,6708,162,6709,35,3.66,3103923,6833,5820,6560
ag2012,00:26:09,6709,6708,135,6709,27,3.66,3103960,6833,5820,6560
ag2012,00:26:10,6709,6708,135,6709,41,3.66,3103963,6833,5820,6560
ag2012,00:26:10,6709,6708,135,6709,41,3.66,3103965,6833,5820,6560
ag2012,00:26:11,6708,6708,62,6709,41,3.65,3103969,6833,5820,6560
ag2012,00:26:11,6708,6707,49,6708,32,3.65,3104035,6833,5820,6560
ag2012,00:26:12,6707,6707,47,6708,73,3.63,3104040,6833,5820,6560
ag2012,00:26:12,6707,6707,48,6708,71,3.63,3104045,6833,5820,6560
ag2012,00:26:13,6708,6707,50,6708,68,3.65,3104050,6833,5820,6560
ag2012,00:26:13,6707,6706,182,6707,2,3.63,3104102,6833,5820,6560
ag2012,00:26:14,6706,6706,144,6708,34,3.62,3104178,6833,5820,6560
ag2012,00:26:14,6706,6706,110,6707,40,3.62,3104223,6833,5820,6560
ag2012,00:26:15,6706,6705,68,6706,24,3.62,3104336,6833,5820,6560
ag2012,00:26:15,6705,6704,87,6705,8,3.60,3104415,6833,5820,6560
ag2012,00:26:16,6706,6705,3,6706,28,3.62,3104452,6833,5820,6560
ag2012,00:26:16,6706,6705,1,6707,60,3.62,3104503,6833,5820,6560
ag2012,00:26:17,6705,6704,86,6705,18,3.60,3104558,6833,5820,6560
ag2012,00:26:17,6705,6705,15,6706,40,3.60,3104625,6833,5820,6560
ag2012,00:26:18,6705,6704,65,6707,39,3.60,3104756,6833,5820,6560
ag2012,00:26:18,6707,6707,8,6708,42,3.63,3104824,6833,5820,6560
ag2012,00:26:19,6705,6704,61,6705,34,3.60,3104876,6833,5820,6560
ag2012,00:26:19,6707,6706,6,6707,10,3.63,3104931,6833,5820,6560
ag2012,00:26:20,6706,6705,23,6706,27,3.62,3104952,6833,5820,6560
ag2012,00:26:20,6705,6705,25,6706,24,3.60,3104965,6833,5820,6560
ag2012,00:26:21,6705,6704,63,6705,4,3.60,3105000,6833,5820,6560
ag2012,00:26:21,6705,6705,2,6706,20,3.60,3105037,6833,5820,6560
ag2012,00:26:22,6705,6704,88,6705,42,3.60,3105076,6833,5820,6560
ag2012,00:26:22,6704,6704,5,6705,1,3.58,3105210,6833,5820,6560
ag2012,00:26:23,6706,6706,73,6707,43,3.62,3105317,6833,5820,6560
ag2012,00:26:23,6704,6703,333,6704,21,3.58,3105415,6833,5820,6560
ag2012,00:26:24,6705,6704,83,6706,67,3.60,3105449,6833,5820,6560
ag2012,00:26:24,6705,6705,1,6706,80,3.60,3105486,6833,5820,6560
ag2012,00:26:25,6705,6705,8,6706,65,3.60,3105546,6833,5820,6560
ag2012,00:26:25,6705,6703,335,6705,432,3.60,3105585,6833,5820,6560
ag2012,00:26:26,6703,6703,157,6705,449,3.57,3105805,6833,5820,6560
ag2012,00:26:26,6704,6703,91,6704,14,3.58,3105878,6833,5820,6560
ag2012,00:26:27,6703,6703,48,6704,12,3.57,3105969,6833,5820,6560
ag2012,00:26:27,6703,6702,108,6703,4,3.57,3106027,6833,5820,6560
ag2012,00:26:28,6703,6702,192,6703,96,3.57,3106154,6833,5820,6560
ag2012,00:26:28,6702,6702,94,6703,84,3.55,3106289,6833,5820,6560
ag2012,00:26:29,6702,6701,154,6702,37,3.55,3106346,6833,5820,6560
ag2012,00:26:29,6701,6701,140,6702,47,3.54,3106366,6833,5820,6560
ag2012,00:26:30,6700,6700,336,6701,28,3.52,3106521,6833,5820,6560
ag2012,00:26:30,6700,6700,116,6702,100,3.52,3106912,6833,5820,6560
ag2012,00:26:31,6700,6700,89,6701,5,3.52,3106965,6833,5820,6560
ag2012,00:26:31,6700,6700,49,6701,13,3.52,3107019,6833,5820,6560
ag2012,00:26:32,6700,6699,138,6700,7,3.52,3107076,6833,5820,6560
ag2012,00:26:32,6700,6699,85,6700,11,3.52,3107193,6833,5820,6560
ag2012,00:26:33,6700,6699,78,6700,51,3.52,3107230,6833,5820,6560
ag2012,00:26:33,6699,6698,105,6699,122,3.51,3107380,6833,5820,6560
ag2012,00:26:34,6698,6698,3,6699,63,3.49,3107565,6833,5820,6560
ag2012,00:26:34,6698,6697,10,6698,81,3.49,3107677,6833,5820,6560
ag2012,00:26:35,6697,6696,162,6697,21,3.48,3107733,6833,5820,6560
ag2012,00:26:35,6696,6696,118,6697,132,3.46,3107930,6833,5820,6560
ag2012,00:26:36,6696,6695,76,6696,10,3.46,3108105,6833,5820,6560
ag2012,00:26:36,6696,6696,43,6697,2,3.46,3108262,6833,5820,6560
ag2012,00:26:37,6698,6697,40,6698,96,3.49,3108379,6833,5820,6560
ag2012,00:26:37,6697,6697,57,6698,2,3.48,3108576,6833,5820,6560
ag2012,00:26:38,6699,6698,99,6699,81,3.51,3108662,6833,5820,6560
ag2012,00:26:38,6698,6698,83,6700,20,3.49,3108885,6833,5820,6560
ag2012,00:26:39,6698,6698,58,6700,4,3.49,3108985,6833,5820,6560
ag2012,00:26:39,6699,6699,7,6700,6,3.51,3109072,6833,5820,6560
ag2012,00:26:40,6699,6699,30,6700,18,3.51,3109115,6833,5820,6560
ag2012,00:26:41,6700,6700,106,6701,34,3.52,3109214,6833,5820,6560
ag2012,00:26:41,6701,6700,2,6701,19,3.54,3109365,6833,5820,6560
ag2012,00:26:42,6700,6699,3,6700,69,3.52,3109401,6833,5820,6560
ag2012,00:26:42,6700,6700,11,6701,2,3.52,3109520,6833,5820,6560
ag2012,00:26:43,6700,6700,15,6701,2,3.52,3109573,6833,5820,6560
ag2012,00:26:43,6700,6700,2,6701,8,3.52,3109621,6833,5820,6560
ag2012,00:26:44,6700,6699,32,6700,66,3.52,3109645,6833,5820,6560
ag2012,00:26:44,6700,6699,28,6700,14,3.52,3109760,6833,5820,6560
ag2012,00:26:45,6699,6698,153,6699,16,3.51,3109868,6833,5820,6560
ag2012,00:26:45,6701,6700,101,6701,38,3.54,3109914,6833,5820,6560
ag2012,00:26:46,6700,6701,38,6702,18,3.52,3109949,6833,5820,6560
ag2012,00:26:46,6700,6699,291,6700,1,3.52,3110121,6833,5820,6560
ag2012,00:26:47,6701,6700,6,6701,6,3.54,3110133,6833,5820,6560
ag2012,00:26:47,6700,6700,53,6701,26,3.52,3110171,6833,5820,6560
ag2012,00:26:48,6699,6699,281,6701,25,3.51,3110280,6833,5820,6560
ag2012,00:26:48,6700,6700,14,6701,24,3.52,3110315,6833,5820,6560
ag2012,00:26:49,6701,6699,245,6701,12,3.54,3110446,6833,5820,6560
ag2012,00:26:49,6701,6700,4,6701,2,3.54,3110551,6833,5820,6560
ag2012,00:26:50,6701,6701,25,6702,49,3.54,3110579,6833,5820,6560
ag2012,00:26:50,6700,6700,34,6701,14,3.52,3110623,6833,5820,6560
ag2012,00:26:51,6701,6700,74,6701,23,3.54,3110650,6833,5820,6560
ag2012,00:26:51,6700,6700,68,6701,19,3.52,3110668,6833,5820,6560
ag2012,00:26:52,6701,6700,65,6701,17,3.54,3110682,6833,5820,6560
ag2012,00:26:52,6700,6700,55,6701,4,3.52,3110711,6833,5820,6560
ag2012,00:26:53,6700,6700,42,6701,41,3.52,3110738,6833,5820,6560
ag2012,00:26:53,6701,6700,37,6701,22,3.54,3110782,6833,5820,6560
ag2012,00:26:54,6701,6700,42,6701,19,3.54,3110790,6833,5820,6560
ag2012,00:26:54,6700,6700,6,6701,15,3.52,3110836,6833,5820,6560
ag2012,00:26:55,6700,6700,8,6701,32,3.52,3110855,6833,5820,6560
ag2012,00:26:55,6700,6699,278,6700,33,3.52,3110892,6833,5820,6560
ag2012,00:26:56,6699,6699,174,6700,42,3.51,3110999,6833,5820,6560
ag2012,00:26:56,6699,6699,167,6700,41,3.51,3111015,6833,5820,6560
ag2012,00:26:57,6699,6699,147,6700,3,3.51,3111083,6833,5820,6560
ag2012,00:26:57,6699,6699,145,6700,5,3.51,3111092,6833,5820,6560
ag2012,00:26:58,6699,6699,36,6700,8,3.51,3111214,6833,5820,6560
ag2012,00:26:58,6699,6699,38,6700,33,3.51,3111234,6833,5820,6560
ag2012,00:26:59,6699,6698,171,6699,13,3.51,3111286,6833,5820,6560
ag2012,00:26:59,6699,6698,157,6699,14,3.51,3111311,6833,5820,6560
ag2012,00:27:00,6698,6698,157,6699,22,3.49,3111319,6833,5820,6560
ag2012,00:27:00,6699,6698,150,6699,24,3.51,3111329,6833,5820,6560
ag2012,00:27:01,6699,6698,139,6699,38,3.51,3111353,6833,5820,6560
ag2012,00:27:01,6698,6698,131,6699,28,3.49,3111373,6833,5820,6560
ag2012,00:27:02,6698,6698,109,6699,1,3.49,3111425,6833,5820,6560
ag2012,00:27:02,6698,6699,1,6700,73,3.49,3111458,6833,5820,6560
ag2012,00:27:03,6698,6698,77,6699,62,3.49,3111487,6833,5820,6560
ag2012,00:27:03,6698,6697,46,6698,11,3.49,3111580,6833,5820,6560
ag2012,00:27:04,6698,6697,42,6698,15,3.49,3111607,6833,5820,6560
ag2012,00:27:04,6698,6697,23,6698,5,3.49,3111668,6833,5820,6560
ag2012,00:27:05,6697,6697,7,6698,26,3.48,3111704,6833,5820,6560
ag2012,00:27:05,6697,6696,74,6697,2,3.48,3111729,6833,5820,6560
ag2012,00:27:06,6697,6696,63,6697,23,3.48,3111747,6833,5820,6560
ag2012,00:27:06,6696,6696,44,6697,33,3.46,3111777,6833,5820,6560
ag2012,00:27:07,6697,6696,5,6697,9,3.48,3111874,6833,5820,6560
ag2012,00:27:07,6697,6697,60,6698,174,3.48,3111928,6833,5820,6560
ag2012,00:27:08,6698,6697,30,6698,172,3.49,3111979,6833,5820,6560
ag2012,00:27:08,6697,6696,7,6697,31,3.48,3112102,6833,5820,6560
ag2012,00:27:09,6697,6697,1,6698,160,3.48,3112152,6833,5820,6560
ag2012,00:27:09,6697,6697,22,6698,164,3.48,3112175,6833,5820,6560
ag2012,00:27:10,6697,6697,57,6698,151,3.48,3112203,6833,5820,6560
ag2012,00:27:10,6697,6697,11,6699,26,3.48,3112425,6833,5820,6560
ag2012,00:27:11,6697,6697,104,6699,26,3.48,3112444,6833,5820,6560
ag2012,00:27:11,6698,6698,27,6699,1,3.49,3112483,6833,5820,6560
ag2012,00:27:12,6699,6699,6,6700,99,3.51,3112552,6833,5820,6560
ag2012,00:27:12,6699,6698,12,6699,38,3.51,3112575,6833,5820,6560
ag2012,00:27:13,6698,6698,36,6699,41,3.49,3112584,6833,5820,6560
ag2012,00:27:13,6699,6697,116,6698,3,3.51,3112638,6833,5820,6560
ag2012,00:27:14,6698,6698,3,6699,36,3.49,3112656,6833,5820,6560
ag2012,00:27:14,6699,6698,42,6699,22,3.51,3112692,6833,5820,6560
ag2012,00:27:15,6698,6697,114,6698,46,3.49,3112740,6833,5820,6560
ag2012,00:27:15,6698,6697,119,6698,51,3.49,3112754,6833,5820,6560
ag2012,00:27:16,6698,6697,120,6698,63,3.49,3112786,6833,5820,6560
ag2012,00:27:16,6698,6697,27,6698,14,3.49,3112966,6833,5820,6560
ag2012,00:27:17,6698,6697,10,6698,23,3.49,3112999,6833,5820,6560
ag2012,00:27:17,6697,6696,132,6697,87,3.48,3113032,6833,5820,6560
ag2012,00:27:18,6698,6697,15,6698,44,3.49,3113164,6833,5820,6560
ag2012,00:27:18,6698,6697,2,6698,39,3.49,3113228,6833,5820,6560
ag2012,00:27:19,6697,6696,139,6697,1,3.48,3113262,6833,5820,6560
ag2012,00:27:19,6697,6696,144,6697,96,3.48,3113284,6833,5820,6560
ag2012,00:27:20,6697,6696,125,6697,283,3.48,3113384,6833,5820,6560
ag2012,00:27:20,6697,6696,68,6697,172,3.48,3113592,6833,5820,6560
ag2012,00:27:21,6696,6695,192,6696,27,3.46,3113735,6833,5820,6560
ag2012,00:27:21,6697,6695,192,6697,109,3.48,3113805,6833,5820,6560
ag2012,00:27:22,6696,6696,12,6697,109,3.46,3113810,6833,5820,6560
ag2012,00:27:22,6695,6695,197,6696,7,3.45,3113865,6833,5820,6560
ag2012,00:27:23,6695,6694,97,6695,3,3.45,3114104,6833,5820,6560
ag2012,00:27:23,6694,6693,39,6694,35,3.43,3114215,6833,5820,6560
ag2012,00:27:24,6693,6692,111,6693,29,3.41,3114299,6833,5820,6560
ag2012,00:27:24,6692,6692,99,6693,14,3.40,3114371,6833,5820,6560
ag2012,00:27:25,6693,6692,55,6693,21,3.41,3114454,6833,5820,6560
ag2012,00:27:25,6691,6691,86,6692,22,3.38,3114593,6833,5820,6560
ag2012,00:27:26,6691,6691,44,6692,57,3.38,3114682,6833,5820,6560
ag2012,00:27:26,6691,6690,332,6691,394,3.38,3114812,6833,5820,6560
ag2012,00:27:27,6691,6690,220,6691,369,3.38,3114918,6833,5820,6560
ag2012,00:27:27,6690,6690,25,6691,456,3.37,3115134,6833,5820,6560
ag2012,00:27:28,6688,6688,54,6690,613,3.34,3115456,6833,5820,6560
ag2012,00:27:28,6688,6687,1,6688,49,3.34,3115633,6833,5820,6560
ag2012,00:27:29,6687,6686,9,6687,228,3.32,3115659,6833,5820,6560
ag2012,00:27:29,6685,6685,5,6686,37,3.29,3115943,6833,5820,6560
ag2012,00:27:30,6685,6683,87,6685,4,3.29,3116130,6833,5820,6560
ag2012,00:27:30,6685,6685,2,6686,109,3.29,3116267,6833,5820,6560
ag2012,00:27:31,6686,6685,21,6686,48,3.31,3116417,6833,5820,6560
ag2012,00:27:31,6686,6686,32,6687,363,3.31,3116621,6833,5820,6560
ag2012,00:27:32,6687,6685,14,6687,285,3.32,3116816,6833,5820,6560
ag2012,00:27:32,6685,6684,42,6685,5,3.29,3117002,6833,5820,6560
ag2012,00:27:33,6687,6686,2,6687,156,3.32,3117109,6833,5820,6560
ag2012,00:27:33,6686,6685,112,6686,5,3.31,3117215,6833,5820,6560
ag2012,00:27:34,6686,6686,35,6687,144,3.31,3117296,6833,5820,6560
ag2012,00:27:34,6686,6686,44,6687,127,3.31,3117332,6833,5820,6560
ag2012,00:27:35,6686,6686,75,6687,67,3.31,3117440,6833,5820,6560
ag2012,00:27:35,6689,6687,3,6689,62,3.35,3117645,6833,5820,6560
ag2012,00:27:36,6687,6687,38,6689,48,3.32,3117710,6833,5820,6560
ag2012,00:27:36,6689,6688,3,6689,14,3.35,3117902,6833,5820,6560
ag2012,00:27:37,6689,6688,12,6689,42,3.35,3117977,6833,5820,6560
ag2012,00:27:37,6689,6689,36,6690,698,3.35,3118050,6833,5820,6560
ag2012,00:27:38,6690,6689,53,6690,692,3.37,3118082,6833,5820,6560
ag2012,00:27:38,6689,6689,64,6690,689,3.35,3118116,6833,5820,6560
ag2012,00:27:39,6689,6689,60,6690,681,3.35,3118134,6833,5820,6560
ag2012,00:27:39,6690,6689,44,6690,572,3.37,3118171,6833,5820,6560
ag2012,00:27:40,6690,6689,24,6690,370,3.37,3118460,6833,5820,6560
ag2012,00:27:41,6690,6688,75,6689,2,3.37,3118593,6833,5820,6560
ag2012,00:27:41,6690,6688,76,6690,315,3.37,3118644,6833,5820,6560
ag2012,00:27:42,6689,6688,78,6690,323,3.35,3118682,6833,5820,6560
ag2012,00:27:43,6688,6688,29,6690,314,3.34,3118767,6833,5820,6560
ag2012,00:27:43,6689,6688,13,6689,7,3.35,3118785,6833,5820,6560
ag2012,00:27:44,6688,6688,6,6689,29,3.34,3118820,6833,5820,6560
ag2012,00:27:44,6689,6688,13,6689,19,3.35,3118852,6833,5820,6560
ag2012,00:27:45,6689,6689,2,6690,300,3.35,3118932,6833,5820,6560
ag2012,00:27:45,6689,6689,25,6690,308,3.35,3118983,6833,5820,6560
ag2012,00:27:46,6688,6687,1,6688,2,3.34,3119138,6833,5820,6560
ag2012,00:27:46,6688,6687,1,6688,45,3.34,3119183,6833,5820,6560
ag2012,00:27:47,6689,6688,126,6689,13,3.35,3119362,6833,5820,6560
ag2012,00:27:47,6689,6689,75,6690,211,3.35,3119521,6833,5820,6560
ag2012,00:27:48,6690,6690,26,6691,65,3.37,3119753,6833,5820,6560
ag2012,00:27:48,6691,6691,175,6693,28,3.38,3119857,6833,5820,6560
ag2012,00:27:49,6693,6693,4,6694,18,3.41,3119913,6833,5820,6560
ag2012,00:27:49,6694,6694,25,6696,18,3.43,3120041,6833,5820,6560
ag2012,00:27:50,6696,6694,10,6696,49,3.46,3120114,6833,5820,6560
ag2012,00:27:50,6693,6693,111,6694,2,3.41,3120198,6833,5820,6560
ag2012,00:27:51,6692,6692,48,6693,54,3.40,3120368,6833,5820,6560
ag2012,00:27:51,6692,6690,48,6692,94,3.40,3120501,6833,5820,6560
ag2012,00:27:52,6691,6689,91,6691,110,3.38,3120558,6833,5820,6560
ag2012,00:27:52,6689,6689,64,6690,26,3.35,3120662,6833,5820,6560
ag2012,00:27:53,6691,6690,4,6691,36,3.38,3120726,6833,5820,6560
ag2012,00:27:53,6691,6690,1,6691,19,3.38,3120803,6833,5820,6560
ag2012,00:27:54,6691,6689,2,6691,9,3.38,3120879,6833,5820,6560
ag2012,00:27:54,6690,6689,41,6690,1,3.37,3120907,6833,5820,6560
ag2012,00:27:55,6691,6690,8,6691,11,3.38,3120952,6833,5820,6560
ag2012,00:27:55,6690,6690,34,6691,17,3.37,3120963,6833,5820,6560
ag2012,00:27:56,6691,6691,78,6692,70,3.38,3121020,6833,5820,6560
ag2012,00:27:56,6690,6690,65,6691,37,3.37,3121120,6833,5820,6560
ag2012,00:27:57,6691,6690,48,6691,64,3.38,3121145,6833,5820,6560
ag2012,00:27:57,6690,6690,39,6691,35,3.37,3121231,6833,5820,6560
ag2012,00:27:58,6691,6690,1,6691,11,3.38,3121295,6833,5820,6560
ag2012,00:27:58,6690,6689,49,6690,9,3.37,3121318,6833,5820,6560
ag2012,00:27:59,6689,6689,37,6690,26,3.35,3121337,6833,5820,6560
ag2012,00:27:59,6690,6689,35,6690,22,3.37,3121360,6833,5820,6560
ag2012,00:28:00,6690,6689,38,6690,20,3.37,3121371,6833,5820,6560
ag2012,00:28:00,6689,6689,17,6690,30,3.35,3121393,6833,5820,6560
ag2012,00:28:01,6689,6688,90,6689,23,3.35,3121421,6833,5820,6560
ag2012,00:28:01,6689,6688,99,6689,18,3.35,3121436,6833,5820,6560
ag2012,00:28:02,6689,6688,97,6689,11,3.35,3121449,6833,5820,6560
ag2012,00:28:02,6689,6688,92,6689,6,3.35,3121474,6833,5820,6560
ag2012,00:28:03,6688,6687,42,6689,4,3.34,3121579,6833,5820,6560
ag2012,00:28:03,6688,6688,26,6689,46,3.34,3121613,6833,5820,6560
ag2012,00:28:04,6688,6688,20,6689,37,3.34,3121636,6833,5820,6560
ag2012,00:28:04,6688,6688,18,6689,43,3.34,3121644,6833,5820,6560
ag2012,00:28:05,6689,6688,21,6689,31,3.35,3121672,6833,5820,6560
ag2012,00:28:05,6689,6688,26,6689,16,3.35,3121700,6833,5820,6560
ag2012,00:28:06,6688,6688,18,6689,1,3.34,3121730,6833,5820,6560
ag2012,00:28:06,6689,6689,38,6690,74,3.35,3121741,6833,5820,6560
ag2012,00:28:07,6688,6688,25,6690,67,3.34,3121809,6833,5820,6560
ag2012,00:28:07,6690,6689,9,6690,96,3.37,3121828,6833,5820,6560
ag2012,00:28:08,6689,6688,11,6690,88,3.35,3121879,6833,5820,6560
ag2012,00:28:08,6690,6689,6,6690,79,3.37,3121902,6833,5820,6560
ag2012,00:28:09,6689,6689,20,6690,67,3.35,3121931,6833,5820,6560
ag2012,00:28:09,6689,6688,69,6689,7,3.35,3122039,6833,5820,6560
ag2012,00:28:10,6689,6689,8,6690,44,3.35,3122079,6833,5820,6560
ag2012,00:28:10,6690,6689,28,6690,39,3.37,3122115,6833,5820,6560
ag2012,00:28:11,6690,6689,7,6690,30,3.37,3122176,6833,5820,6560
ag2012,00:28:11,6690,6690,1,6691,35,3.37,3122237,6833,5820,6560
ag2012,00:28:12,6688,6688,190,6689,3,3.34,3122290,6833,5820,6560
ag2012,00:28:12,6689,6690,2,6691,2,3.35,3122380,6833,5820,6560
ag2012,00:28:13,6690,6690,9,6691,32,3.37,3122414,6833,5820,6560
ag2012,00:28:13,6689,6688,201,6689,57,3.35,3122499,6833,5820,6560
ag2012,00:28:14,6689,6689,4,6690,24,3.35,3122614,6833,5820,6560
ag2012,00:28:14,6690,6689,31,6690,39,3.37,3122628,6833,5820,6560
ag2012,00:28:15,6689,6689,25,6691,6,3.35,3122680,6833,5820,6560
ag2012,00:28:15,6690,6690,30,6691,42,3.37,3122693,6833,5820,6560
ag2012,00:28:16,6691,6690,4,6691,61,3.38,3122751,6833,5820,6560
ag2012,00:28:16,6690,6689,10,6690,1,3.37,3122820,6833,5820,6560
ag2012,00:28:17,6690,6689,24,6690,33,3.37,3122833,6833,5820,6560
ag2012,00:28:17,6690,6689,19,6690,35,3.37,3122870,6833,5820,6560
ag2012,00:28:18,6690,6690,93,6691,62,3.37,3122911,6833,5820,6560
ag2012,00:28:18,6690,6690,53,6691,62,3.37,3122987,6833,5820,6560
ag2012,00:28:19,6691,6690,62,6691,61,3.38,3122988,6833,5820,6560
ag2012,00:28:19,6691,6690,43,6691,60,3.38,3123023,6833,5820,6560
ag2012,00:28:20,6692,6691,7,6692,57,3.40,3123094,6833,5820,6560
ag2012,00:28:20,6691,6691,25,6692,45,3.38,3123146,6833,5820,6560
ag2012,00:28:21,6692,6691,21,6692,44,3.40,3123164,6833,5820,6560
ag2012,00:28:21,6690,6690,71,6691,16,3.37,3123198,6833,5820,6560
ag2012,00:28:22,6691,6690,59,6691,9,3.38,3123261,6833,5820,6560
ag2012,00:28:22,6691,6690,54,6691,3,3.38,3123271,6833,5820,6560
ag2012,00:28:23,6690,6690,53,6691,80,3.37,3123276,6833,5820,6560
ag2012,00:28:23,6691,6689,28,6690,28,3.38,3123369,6833,5820,6560
ag2012,00:28:24,6690,6689,26,6690,50,3.37,3123376,6833,5820,6560
ag2012,00:28:24,6690,6689,8,6690,49,3.37,3123401,6833,5820,6560
ag2012,00:28:25,6689,6688,197,6689,15,3.35,3123441,6833,5820,6560
ag2012,00:28:25,6688,6688,193,6689,30,3.34,3123479,6833,5820,6560
ag2012,00:28:26,6689,6688,193,6689,63,3.35,3123498,6833,5820,6560
ag2012,00:28:26,6688,6688,159,6689,66,3.34,3123549,6833,5820,6560
ag2012,00:28:27,6688,6688,147,6689,67,3.34,3123570,6833,5820,6560
ag2012,00:28:27,6688,6688,149,6689,62,3.34,3123584,6833,5820,6560
ag2012,00:28:28,6688,6688,145,6689,44,3.34,3123608,6833,5820,6560
ag2012,00:28:28,6689,6688,148,6689,27,3.35,3123630,6833,5820,6560
ag2012,00:28:29,6689,6689,4,6690,23,3.35,3123717,6833,5820,6560
ag2012,00:28:29,6689,6689,25,6690,38,3.35,3123720,6833,5820,6560
ag2012,00:28:30,6689,6688,75,6689,1,3.35,3123791,6833,5820,6560
ag2012,00:28:30,6689,6688,76,6689,79,3.35,3123835,6833,5820,6560
ag2012,00:28:31,6689,6689,46,6690,21,3.35,3123921,6833,5820,6560
ag2012,00:28:31,6690,6690,4,6691,104,3.37,3123969,6833,5820,6560
ag2012,00:28:32,6689,6688,77,6689,3,3.35,3124013,6833,5820,6560
ag2012,00:28:32,6690,6689,60,6690,12,3.37,3124017,6833,5820,6560
ag2012,00:28:33,6690,6689,64,6690,45,3.37,3124036,6833,5820,6560
ag2012,00:28:33,6689,6689,119,6690,51,3.35,3124042,6833,5820,6560
ag2012,00:28:34,6689,6689,127,6690,53,3.35,3124048,6833,5820,6560
ag2012,00:28:34,6690,6690,5,6691,105,3.37,3124163,6833,5820,6560
ag2012,00:28:35,6690,6689,87,6690,52,3.37,3124171,6833,5820,6560
ag2012,00:28:35,6689,6689,111,6690,46,3.35,3124191,6833,5820,6560
ag2012,00:28:36,6689,6689,82,6690,50,3.35,3124214,6833,5820,6560
ag2012,00:28:36,6690,6690,53,6691,106,3.37,3124272,6833,5820,6560
ag2012,00:28:37,6690,6690,13,6691,106,3.37,3124323,6833,5820,6560
ag2012,00:28:37,6689,6690,8,6691,112,3.35,3124351,6833,5820,6560
ag2012,00:28:38,6691,6689,89,6690,7,3.38,3124365,6833,5820,6560
ag2012,00:28:38,6689,6688,226,6689,102,3.35,3124505,6833,5820,6560
ag2012,00:28:39,6688,6688,55,6689,35,3.34,3124744,6833,5820,6560
ag2012,00:28:39,6689,6688,32,6689,44,3.35,3124784,6833,5820,6560
ag2012,00:28:40,6688,6687,166,6688,11,3.34,3124833,6833,5820,6560
ag2012,00:28:40,6689,6687,165,6688,2,3.35,3124866,6833,5820,6560
ag2012,00:28:41,6689,6688,11,6689,17,3.35,3124888,6833,5820,6560
ag2012,00:28:41,6688,6688,26,6689,25,3.34,3124897,6833,5820,6560
ag2012,00:28:42,6689,6688,57,6689,20,3.35,3124928,6833,5820,6560
ag2012,00:28:43,6688,6687,72,6689,23,3.34,3125041,6833,5820,6560
ag2012,00:28:43,6687,6686,93,6687,142,3.32,3125159,6833,5820,6560
ag2012,00:28:44,6686,6686,80,6687,136,3.31,3125178,6833,5820,6560
ag2012,00:28:44,6687,6686,12,6687,164,3.32,3125250,6833,5820,6560
ag2012,00:28:45,6686,6686,26,6687,135,3.31,3125295,6833,5820,6560
ag2012,00:28:45,6687,6686,3,6687,122,3.32,3125323,6833,5820,6560
ag2012,00:28:46,6687,6685,85,6687,54,3.32,3125407,6833,5820,6560
ag2012,00:28:46,6686,6687,2,6688,30,3.31,3125509,6833,5820,6560
ag2012,00:28:47,6687,6687,54,6688,28,3.32,3125523,6833,5820,6560
ag2012,00:28:47,6687,6686,67,6687,33,3.32,3125582,6833,5820,6560
ag2012,00:28:48,6688,6688,4,6689,26,3.34,3125661,6833,5820,6560
ag2012,00:28:48,6688,6688,34,6690,168,3.34,3125710,6833,5820,6560
ag2012,00:28:49,6688,6688,7,6690,168,3.34,3125758,6833,5820,6560
ag2012,00:28:49,6688,6688,106,6689,6,3.34,3125775,6833,5820,6560
ag2012,00:28:50,6689,6689,44,6690,173,3.35,3125807,6833,5820,6560
ag2012,00:28:50,6690,6690,14,6691,111,3.37,3126012,6833,5820,6560
ag2012,00:28:51,6690,6691,40,6693,23,3.37,3126179,6833,5820,6560
ag2012,00:28:51,6692,6692,10,6693,26,3.40,3126190,6833,5820,6560
ag2012,00:28:52,6693,6692,3,6693,20,3.41,3126273,6833,5820,6560
ag2012,00:28:52,6691,6690,55,6691,3,3.38,3126340,6833,5820,6560
ag2012,00:28:53,6691,6691,92,6693,1,3.38,3126366,6833,5820,6560
ag2012,00:28:53,6694,6692,19,6693,10,3.43,3126406,6833,5820,6560
ag2012,00:28:54,6693,6693,10,6694,136,3.41,3126431,6833,5820,6560
ag2012,00:28:54,6694,6693,15,6694,19,3.43,3126559,6833,5820,6560
ag2012,00:28:55,6693,6693,82,6694,28,3.41,3126579,6833,5820,6560
ag2012,00:28:55,6693,6693,84,6694,23,3.41,3126625,6833,5820,6560
ag2012,00:28:56,6693,6693,75,6694,18,3.41,3126641,6833,5820,6560
ag2012,00:28:56,6694,6694,42,6695,278,3.43,3126671,6833,5820,6560
ag2012,00:28:57,6694,6694,2,6695,273,3.43,3126729,6833,5820,6560
ag2012,00:28:57,6695,6694,42,6695,267,3.45,3126758,6833,5820,6560
ag2012,00:28:58,6693,6693,19,6695,256,3.41,3126841,6833,5820,6560
ag2012,00:28:58,6693,6693,43,6694,6,3.41,3126854,6833,5820,6560
ag2012,00:28:59,6695,6693,47,6695,243,3.45,3126907,6833,5820,6560
ag2012,00:28:59,6694,6693,49,6694,93,3.43,3126925,6833,5820,6560
ag2012,00:29:00,6693,6693,45,6694,76,3.41,3126946,6833,5820,6560
ag2012,00:29:00,6694,6693,44,6694,63,3.43,3126971,6833,5820,6560
ag2012,00:29:01,6693,6693,41,6694,62,3.41,3126980,6833,5820,6560
ag2012,00:29:01,6693,6692,26,6693,10,3.41,3127038,6833,5820,6560
ag2012,00:29:02,6692,6690,29,6692,4,3.40,3127173,6833,5820,6560
ag2012,00:29:02,6692,6691,54,6692,20,3.40,3127202,6833,5820,6560
ag2012,00:29:03,6692,6691,54,6692,6,3.40,3127227,6833,5820,6560
ag2012,00:29:03,6692,6692,3,6693,5,3.40,3127331,6833,5820,6560
ag2012,00:29:04,6692,6692,1,6693,26,3.40,3127396,6833,5820,6560
ag2012,00:29:04,6692,6691,38,6693,27,3.40,3127412,6833,5820,6560
ag2012,00:29:05,6693,6691,40,6693,16,3.41,3127426,6833,5820,6560
ag2012,00:29:05,6692,6692,6,6693,27,3.40,3127429,6833,5820,6560
ag2012,00:29:06,6692,6691,41,6692,7,3.40,3127442,6833,5820,6560
ag2012,00:29:06,6693,6692,14,6694,140,3.41,3127490,6833,5820,6560
ag2012,00:29:07,6692,6692,12,6693,22,3.40,3127510,6833,5820,6560
ag2012,00:29:07,6692,6692,55,6693,25,3.40,3127512,6833,5820,6560
ag2012,00:29:08,6692,6692,42,6693,16,3.40,3127532,6833,5820,6560
ag2012,00:29:08,6692,6691,45,6692,75,3.40,3127586,6833,5820,6560
ag2012,00:29:09,6692,6691,43,6692,53,3.40,3127613,6833,5820,6560
ag2012,00:29:09,6692,6691,40,6692,43,3.40,3127624,6833,5820,6560
ag2012,00:29:10,6691,6691,43,6692,33,3.38,3127643,6833,5820,6560
ag2012,00:29:10,6692,6691,43,6693,61,3.40,3127677,6833,5820,6560
ag2012,00:29:11,6692,6692,25,6693,62,3.40,3127684,6833,5820,6560
ag2012,00:29:11,6692,6692,68,6693,64,3.40,3127684,6833,5820,6560
ag2012,00:29:12,6693,6693,58,6694,156,3.41,3127750,6833,5820,6560
ag2012,00:29:12,6693,6693,39,6694,156,3.41,3127769,6833,5820,6560
ag2012,00:29:13,6693,6693,24,6694,152,3.41,3127792,6833,5820,6560
ag2012,00:29:13,6694,6693,17,6694,145,3.43,3127802,6833,5820,6560
ag2012,00:29:14,6694,6693,3,6694,142,3.43,3127814,6833,5820,6560
ag2012,00:29:14,6694,6693,4,6694,139,3.43,3127823,6833,5820,6560
ag2012,00:29:15,6694,6693,1,6694,128,3.43,3127844,6833,5820,6560
ag2012,00:29:15,6693,6693,2,6694,125,3.41,3127858,6833,5820,6560
ag2012,00:29:16,6694,6693,47,6694,116,3.43,3127880,6833,5820,6560
ag2012,00:29:16,6694,6693,48,6694,112,3.43,3127891,6833,5820,6560
ag2012,00:29:17,6694,6693,17,6694,100,3.43,3127935,6833,5820,6560
ag2012,00:29:17,6694,6693,12,6694,80,3.43,3127967,6833,5820,6560
ag2012,00:29:18,6694,6693,8,6694,64,3.43,3127987,6833,5820,6560
ag2012,00:29:18,6694,6694,39,6695,262,3.43,3128055,6833,5820,6560
ag2012,00:29:19,6695,6694,54,6695,259,3.45,3128061,6833,5820,6560
ag2012,00:29:19,6694,6694,44,6695,263,3.43,3128077,6833,5820,6560
ag2012,00:29:20,6695,6694,55,6695,250,3.45,3128107,6833,5820,6560
ag2012,00:29:20,6695,6694,57,6695,246,3.45,3128114,6833,5820,6560
ag2012,00:29:21,6695,6694,70,6695,233,3.45,3128124,6833,5820,6560
ag2012,00:29:21,6695,6694,82,6695,230,3.45,3128128,6833,5820,6560
ag2012,00:29:22,6695,6694,76,6695,227,3.45,3128133,6833,5820,6560
ag2012,00:29:22,6694,6694,79,6695,217,3.43,3128146,6833,5820,6560
ag2012,00:29:23,6695,6694,81,6695,197,3.45,3128185,6833,5820,6560
ag2012,00:29:23,6695,6694,85,6695,30,3.45,3128355,6833,5820,6560
ag2012,00:29:24,6695,6695,120,6696,94,3.45,3128387,6833,5820,6560
ag2012,00:29:24,6695,6695,31,6696,83,3.45,3128509,6833,5820,6560
ag2012,00:29:25,6696,6695,14,6696,75,3.46,3128557,6833,5820,6560
ag2012,00:29:25,6697,6696,19,6697,126,3.48,3128661,6833,5820,6560
ag2012,00:29:26,6696,6695,12,6696,43,3.46,3128746,6833,5820,6560
ag2012,00:29:26,6696,6695,21,6696,47,3.46,3128778,6833,5820,6560
ag2012,00:29:27,6696,6695,17,6696,137,3.46,3128794,6833,5820,6560
ag2012,00:29:27,6695,6694,99,6695,7,3.45,3128822,6833,5820,6560
ag2012,00:29:28,6695,6694,89,6695,87,3.45,3128844,6833,5820,6560
ag2012,00:29:28,6695,6694,1,6695,116,3.45,3128954,6833,5820,6560
ag2012,00:29:29,6694,6693,31,6694,1,3.43,3128963,6833,5820,6560
ag2012,00:29:29,6694,6694,9,6695,107,3.43,3128997,6833,5820,6560
ag2012,00:29:30,6695,6694,13,6695,93,3.45,3129016,6833,5820,6560
ag2012,00:29:30,6694,6693,35,6694,25,3.43,3129043,6833,5820,6560
ag2012,00:29:31,6694,6693,31,6694,7,3.43,3129064,6833,5820,6560
ag2012,00:29:31,6694,6693,31,6694,13,3.43,3129069,6833,5820,6560
ag2012,00:29:32,6693,6693,25,6694,95,3.41,3129079,6833,5820,6560
ag2012,00:29:32,6693,6692,41,6693,3,3.41,3129135,6833,5820,6560
ag2012,00:29:33,6694,6693,3,6694,74,3.43,3129180,6833,5820,6560
ag2012,00:29:33,6693,6693,4,6694,115,3.41,3129213,6833,5820,6560
ag2012,00:29:34,6693,6692,32,6693,4,3.41,3129219,6833,5820,6560
ag2012,00:29:34,6694,6693,8,6694,84,3.43,3129230,6833,5820,6560
ag2012,00:29:35,6693,6693,3,6694,112,3.41,3129236,6833,5820,6560
ag2012,00:29:35,6694,6693,1,6694,64,3.43,3129290,6833,5820,6560
ag2012,00:29:36,6693,6693,2,6694,71,3.41,3129303,6833,5820,6560
ag2012,00:29:36,6692,6692,36,6694,66,3.40,3129313,6833,5820,6560
ag2012,00:29:37,6694,6693,1,6694,43,3.43,3129339,6833,5820,6560
ag2012,00:29:37,6694,6693,9,6694,42,3.43,3129345,6833,5820,6560
ag2012,00:29:38,6693,6693,26,6694,45,3.41,3129346,6833,5820,6560
ag2012,00:29:38,6693,6693,24,6694,43,3.41,3129350,6833,5820,6560
ag2012,00:29:39,6693,6693,39,6694,44,3.41,3129352,6833,5820,6560
ag2012,00:29:39,6693,6693,20,6694,44,3.41,3129371,6833,5820,6560
ag2012,00:29:40,6693,6693,78,6694,38,3.41,3129388,6833,5820,6560
ag2012,00:29:40,6692,6692,41,6693,42,3.40,3129469,6833,5820,6560
ag2012,00:29:41,6693,6693,44,6694,34,3.41,3129561,6833,5820,6560
ag2012,00:29:41,6692,6691,54,6692,16,3.40,3129612,6833,5820,6560
ag2012,00:29:42,6693,6692,27,6693,2,3.41,3129633,6833,5820,6560
ag2012,00:29:42,6692,6692,9,6693,19,3.40,3129664,6833,5820,6560
ag2012,00:29:43,6693,6693,1,6694,47,3.41,3129712,6833,5820,6560
ag2012,00:29:43,6692,6692,11,6693,20,3.40,3129717,6833,5820,6560
ag2012,00:29:44,6693,6693,3,6694,52,3.41,3129762,6833,5820,6560
ag2012,00:29:44,6692,6692,8,6694,45,3.40,3129787,6833,5820,6560
ag2012,00:29:45,6692,6692,25,6694,25,3.40,3129824,6833,5820,6560
ag2012,00:29:46,6693,6692,30,6693,19,3.41,3129847,6833,5820,6560
ag2012,00:29:46,6694,6692,35,6693,5,3.43,3129874,6833,5820,6560
ag2012,00:29:47,6692,6692,39,6693,6,3.40,3129882,6833,5820,6560
ag2012,00:29:47,6693,6692,21,6693,4,3.41,3129913,6833,5820,6560
ag2012,00:29:48,6693,6693,71,6694,47,3.41,3129945,6833,5820,6560
ag2012,00:29:48,6694,6693,75,6694,45,3.43,3129948,6833,5820,6560
ag2012,00:29:49,6693,6693,97,6694,45,3.41,3129949,6833,5820,6560
ag2012,00:29:49,6694,6693,100,6694,42,3.43,3129958,6833,5820,6560
ag2012,00:29:50,6693,6693,99,6694,41,3.41,3129963,6833,5820,6560
ag2012,00:29:50,6693,6693,96,6694,46,3.41,3129968,6833,5820,6560
ag2012,00:29:51,6694,6693,97,6694,44,3.43,3129970,6833,5820,6560
ag2012,00:29:51,6693,6693,43,6694,102,3.41,3129974,6833,5820,6560
ag2012,00:29:52,6693,6692,38,6694,103,3.41,3130021,6833,5820,6560
ag2012,00:29:52,6693,6692,46,6694,99,3.41,3130035,6833,5820,6560
ag2012,00:29:53,6693,6693,22,6694,93,3.41,3130044,6833,5820,6560
ag2012,00:29:53,6693,6693,20,6694,93,3.41,3130052,6833,5820,6560
ag2012,00:29:54,6693,6693,18,6694,87,3.41,3130061,6833,5820,6560
ag2012,00:29:54,6693,6693,18,6694,76,3.41,3130074,6833,5820,6560
ag2012,00:29:55,6693,6693,16,6694,78,3.41,3130076,6833,5820,6560
ag2012,00:29:55,6694,6693,79,6694,77,3.43,3130080,6833,5820,6560
ag2012,00:29:56,6693,6694,1,6695,281,3.41,3130210,6833,5820,6560
ag2012,00:29:56,6694,6694,1,6695,283,3.43,3130211,6833,5820,6560
ag2012,00:29:57,6694,6694,20,6695,283,3.43,3130224,6833,5820,6560
ag2012,00:29:57,6694,6694,21,6695,233,3.43,3130283,6833,5820,6560
ag2012,00:29:58,6695,6694,27,6695,233,3.45,3130284,6833,5820,6560
ag2012,00:29:58,6695,6694,27,6695,232,3.45,3130289,6833,5820,6560
ag2012,00:29:59,6695,6694,25,6695,196,3.45,3130326,6833,5820,6560
ag2012,00:29:59,6694,6694,22,6695,185,3.43,3130341,6833,5820,6560
ag2012,00:30:00,6694,6694,12,6695,186,3.43,3130351,6833,5820,6560
ag2012,00:30:00,6694,6694,13,6695,185,3.43,3130355,6833,5820,6560
ag2012,00:30:01,6695,6694,14,6695,176,3.45,3130366,6833,5820,6560
ag2012,00:30:01,6695,6694,12,6695,173,3.45,3130373,6833,5820,6560
ag2012,00:30:02,6694,6694,4,6695,168,3.43,3130387,6833,5820,6560
ag2012,00:30:02,6694,6694,1,6695,161,3.43,3130410,6833,5820,6560
ag2012,00:30:03,6695,6694,9,6695,152,3.45,3130427,6833,5820,6560
ag2012,00:30:03,6694,6694,8,6695,144,3.43,3130436,6833,5820,6560
ag2012,00:30:04,6694,6694,28,6695,144,3.43,3130438,6833,5820,6560
ag2012,00:30:04,6695,6694,26,6695,134,3.45,3130450,6833,5820,6560
ag2012,00:30:05,6695,6694,27,6695,129,3.45,3130455,6833,5820,6560
ag2012,00:30:05,6694,6694,38,6695,129,3.43,3130457,6833,5820,6560
ag2012,00:30:06,6694,6694,28,6695,129,3.43,3130467,6833,5820,6560
ag2012,00:30:06,6695,6694,1,6695,129,3.45,3130496,6833,5820,6560
ag2012,00:30:07,6694,6693,108,6694,41,3.43,3130498,6833,5820,6560
ag2012,00:30:07,6694,6693,108,6694,41,3.43,3130503,6833,5820,6560
ag2012,00:30:08,6694,6693,107,6694,27,3.43,3130521,6833,5820,6560
ag2012,00:30:08,6693,6693,107,6694,27,3.41,3130527,6833,5820,6560
ag2012,00:30:09,6693,6693,98,6694,58,3.41,3130538,6833,5820,6560
ag2012,00:30:09,6693,6693,3,6694,57,3.41,3130648,6833,5820,6560
ag2012,00:30:10,6693,6692,69,6693,11,3.41,3130653,6833,5820,6560
ag2012,00:30:10,6692,6692,62,6693,77,3.40,3130665,6833,5820,6560
ag2012,00:30:11,6691,6691,66,6692,6,3.38,3130740,6833,5820,6560
ag2012,00:30:11,6691,6690,235,6691,4,3.38,3130809,6833,5820,6560
ag2012,00:30:12,6690,6690,181,6691,60,3.37,3130865,6833,5820,6560
ag2012,00:30:12,6690,6690,155,6691,80,3.37,3130896,6833,5820,6560
ag2012,00:30:13,6691,6690,134,6691,75,3.38,3130926,6833,5820,6560
ag2012,00:30:13,6690,6690,119,6691,75,3.37,3130941,6833,5820,6560
ag2012,00:30:14,6690,6690,100,6691,73,3.37,3130962,6833,5820,6560
ag2012,00:30:14,6690,6690,56,6691,74,3.37,3131006,6833,5820,6560
ag2012,00:30:15,6690,6690,55,6691,74,3.37,3131010,6833,5820,6560
ag2012,00:30:15,6690,6690,40,6691,73,3.37,3131023,6833,5820,6560
ag2012,00:30:16,6690,6690,41,6691,71,3.37,3131035,6833,5820,6560
ag2012,00:30:16,6690,6689,47,6690,36,3.37,3131081,6833,5820,6560
ag2012,00:30:17,6689,6689,45,6690,2,3.35,3131138,6833,5820,6560
ag2012,00:30:17,6690,6690,23,6691,40,3.37,3131190,6833,5820,6560
ag2012,00:30:18,6690,6690,14,6691,38,3.37,3131211,6833,5820,6560
ag2012,00:30:18,6691,6691,2,6692,23,3.38,3131253,6833,5820,6560
ag2012,00:30:19,6690,6690,19,6691,12,3.37,3131270,6833,5820,6560
ag2012,00:30:19,6690,6691,5,6692,42,3.37,3131287,6833,5820,6560
ag2012,00:30:20,6690,6690,16,6691,4,3.37,3131308,6833,5820,6560
ag2012,00:30:20,6691,6690,20,6691,92,3.38,3131309,6833,5820,6560
ag2012,00:30:21,6691,6690,11,6691,91,3.38,3131320,6833,5820,6560
ag2012,00:30:21,6691,6690,11,6691,88,3.38,3131332,6833,5820,6560
ag2012,00:30:22,6691,6691,33,6693,12,3.38,3131464,6833,5820,6560
ag2012,00:30:22,6692,6692,9,6693,13,3.40,3131469,6833,5820,6560
ag2012,00:30:23,6692,6692,4,6693,17,3.40,3131491,6833,5820,6560
ag2012,00:30:23,6693,6693,4,6694,101,3.41,3131535,6833,5820,6560
ag2012,00:30:24,6692,6692,63,6693,12,3.40,3131542,6833,5820,6560
ag2012,00:30:24,6692,6691,65,6692,194,3.40,3131649,6833,5820,6560
ag2012,00:30:25,6692,6691,64,6692,197,3.40,3131652,6833,5820,6560
ag2012,00:30:25,6692,6691,68,6692,193,3.40,3131658,6833,5820,6560
ag2012,00:30:26,6692,6691,49,6692,185,3.40,3131686,6833,5820,6560
ag2012,00:30:26,6692,6691,97,6692,183,3.40,3131690,6833,5820,6560
ag2012,00:30:27,6691,6691,101,6692,173,3.38,3131702,6833,5820,6560
ag2012,00:30:27,6692,6691,102,6692,169,3.40,3131711,6833,5820,6560
ag2012,00:30:28,6692,6690,71,6693,22,3.40,3132072,6833,5820,6560
ag2012,00:30:28,6693,6692,6,6693,22,3.41,3132093,6833,5820,6560
ag2012,00:30:29,6692,6692,37,6693,17,3.40,3132102,6833,5820,6560
ag2012,00:30:29,6692,6692,30,6693,16,3.40,3132109,6833,5820,6560
ag2012,00:30:30,6692,6691,141,6692,20,3.40,3132138,6833,5820,6560
ag2012,00:30:30,6692,6692,4,6693,34,3.40,3132159,6833,5820,6560
ag2012,00:30:31,6692,6692,1,6693,38,3.40,3132181,6833,5820,6560
ag2012,00:30:31,6692,6692,8,6693,37,3.40,3132184,6833,5820,6560
ag2012,00:30:32,6692,6692,4,6693,35,3.40,3132208,6833,5820,6560
ag2012,00:30:32,6692,6691,148,6692,2,3.40,3132218,6833,5820,6560
ag2012,00:30:33,6692,6691,148,6692,10,3.40,3132220,6833,5820,6560
ag2012,00:30:33,6692,6691,146,6692,85,3.40,3132223,6833,5820,6560
ag2012,00:30:34,6691,6691,136,6692,95,3.38,3132226,6833,5820,6560
ag2012,00:30:34,6692,6691,37,6692,95,3.40,3132329,6833,5820,6560
ag2012,00:30:35,6692,6691,19,6692,94,3.40,3132350,6833,5820,6560
ag2012,00:30:35,6691,6691,20,6692,103,3.38,3132356,6833,5820,6560
ag2012,00:30:36,6692,6691,22,6692,76,3.40,3132389,6833,5820,6560
ag2012,00:30:36,6692,6691,28,6692,73,3.40,3132399,6833,5820,6560
ag2012,00:30:37,6691,6691,16,6692,76,3.38,3132412,6833,5820,6560
ag2012,00:30:37,6692,6691,3,6692,72,3.40,3132440,6833,5820,6560
ag2012,00:30:38,6692,6691,19,6692,54,3.40,3132460,6833,5820,6560
ag2012,00:30:38,6691,6691,19,6692,59,3.38,3132469,6833,5820,6560
ag2012,00:30:39,6692,6691,14,6692,54,3.40,3132480,6833,5820,6560
ag2012,00:30:39,6692,6691,14,6692,54,3.40,3132481,6833,5820,6560
